3134 4990
385 475 387 490 ¹
429 457 482 522 IN
505 457 737 524 SATIRAM
759 455 979 524 SEX'l'AM.
1178 459 1239 526 521

168 569 260 638 «texta
269 571 358 642 nuptm
370 569 453 641 θηρίων
470 570 620 642 (turpiores
637 587 681 623 eat
692 570 800 641 putabit
810 588 868 624 erre
882 571 988 638 beotiie,
1007 571 1063 626 tcil.
1077 569 1180 641 nimiis)
1196 579 1244 624 τῶν

167 651 262 724 :petiae
276 654 339 725 ripae
351 654 509 724 ὀνομασθῆναι
524 649 736 711 δυσκληδονίστων.

205 813 277 860 Vn.
295 811 355 859 (loa.
368 813 466 878 Semper
476 827 524 877 pro
538 828 618 878 taepe,
635 827 686 876 ap,
699 812 797 862 eoleuui
807 815 937 875 varietate,
954 808 985 863 de
996 829 1045 878 qua
1055 809 1106 864 vid.
1116 813 1247 864 Schrader.

168 891 308 942 Emcudnt.
321 910 347 958 p.
362 903 403 952 14.

203 986 274 1038 Nor.
293 990 444 1056 602-609.
464 987 599 1040 Notantur
615 985 738 1041 mulieres
752 986 850 1042 diriter
863 989 1037 1062 nobilesque,
1062 1007 1122 1062 que
1134 993 1245 1059 supposi-

165 1085 216 1132 tos,
229 1070 281 1124 boc
294 1083 351 1134 eet,
364 1070 472 1132 nothos,
487 1070 607 1142 apuriot,
622 1068 789 1137 subdititiot,
803 1089 850 1124 ceu
864 1071 1016 1126 subditivos
1029 1091 1127 1144 pueros
1141 1073 1245 1128 nutritio

164 1170 219 1222 pm
231 1152 287 1206 tuit
297 1151 458 1206 obtrudunt.
467 1183 503 1193 -
516 1156 636 1214 Transeo,
648 1165 776 1224 praetereo
786 1153 903 1218 cilentio,
912 1155 967 1226 jam
975 1155 1043 1207 nihil
1053 1153 1087 1208 de
1097 1155 1131 1208 iit
1140 1155 1246 1220 dicam,

167 1250 200 1290 ut
211 1238 256 1304 X,
271 1238 330 1307 ²7³·
341 1266 378 1278 -
389 1239 487 1288 Goudis
500 1248 609 1308 patrum
620 1235 654 1290 de
668 1237 777 1302 liberio,
788 1249 815 1290 et
826 1251 890 1289 vota
899 1255 993 1290 eorum
1001 1258 1009 1302 ς
1017 1237 1120 1311 quippe
1128 1237 1175 1310 qui
1185 1255 1244 1290 om·

167 1320 251 1373 nibus
263 1321 334 1374 rotie
343 1321 527 1392 expetierant,
541 1334 572 1375 ut
581 1321 632 1374 cibi
643 1336 817 1376 nascerentur
829 1321 878 1374 filii
885 1341 895 1388 ς
911 1321 958 1376 aed
971 1337 1034 1374 uota
1048 1343 1114 1393 serpe
1125 1327 1247 1393 deceptu,

167 1421 229 1474 ane
243 1401 279 1456 od
294 1403 401 1456 irritum
415 1401 572 1457 ceciderunt
583 1405 620 1454 ud
629 1423 729 1471 spurcos
741 1403 801 1456 illoc
816 1407 899 1469 lacus,
914 1405 963 1457 ubi
980 1404 1044 1458 olim
1057 1405 1136 1458 liberi
1151 1424 1245 1460 recem

167 1487 227 1540 nati
241 1489 461 1558 exponebantur:
476 1506 509 1540 ex
523 1487 566 1540 bie
578 1487 651 1541 enim
664 1487 794 1559 expotitie
810 1487 958 1541 infantibue
969 1488 1072 1542 nobiles
1088 1488 1244 1561 sterileeque

167 1583 299 1622 matronae
317 1570 526 1624 ioruroaieairuoa
539 1574 669 1639 petebam,
688 1572 929 1643 aupponebuntque
945 1590 996 1642 pro
1014 1571 1085 1637 euia3
1103 1571 1134 1624 hi
1155 1584 1244 1625 antem

167 1651 255 1722 spurii
265 1665 291 1706 et
304 1652 448 1706 adulterini
461 1653 498 1707 ita
509 1653 622 1708 mirilico
636 1673 666 1708 uc
678 1673 749 1708 ceco
763 1672 828 1707 catu
842 1654 871 1706 in
883 1659 1044 1718 Scauromm,
1058 1654 1111 1708 boc
1125 1667 1181 1720 eet,
1193 1661 1244 1707 no-

166 1735 266 1788 bilium
283 1737 409 1790 familiam
429 1737 642 1808 recipiebantur,
663 1751 690 1790 et
708 1737 743 1792 ud
760 1756 879 1792 summor
898 1737 1099 1792 adscendebant
1118 1738 1245 1792 honores.

167 1818 263 1870 Miseri
281 1818 370 1890 itaque
386 1831 487 1890 patrea,
504 1819 606 1873 fraudis
621 1821 701 1893 bujue
718 1821 855 1874 muliebrio
870 1820 972 1891 ignari,
990 1820 1088 1874 nothot
1105 1820 1178 1875 filio·
1192 1839 1246 1894 pro

168 1901 225 1954 cuit
234 1901 355 1968 aiebant,
368 1901 492 1976 ideoque
504 1901 671 1958 ducebantur
680 1906 792 1973 gaudio,
808 1916 835 1957 et
846 1902 955 1976 quidem
966 1923 1039 1970 rope.

203 2047 272 2096 Van.
290 2049 350 2097 603.
362 2048 453 2097 Deleta
466 2065 513 2114 pm
525 2049 638 2113 deceptu,
654 2063 692 2109 πο,
706 2049 746 2110 1⁵,
760 2049 802 2106 45.

203 2143 275 2196 Nor.
294 2141 355 2195 603.
374 2145 462 2210 spurci
476 2148 544 2194 lacus
560 2143 608 2214 qui
626 2143 693 2207 eint,
710 2141 847 2195 nonsatis
866 2142 934 2195 mibi
951 2142 1045 2214 liquet.
1063 2139 1246 2213 Interpreter,

167 2235 304 2298 quotquot
316 2223 389 2288 vidi,
407 2226 450 2279 vel
465 2226 590 2281 lectorem
604 2223 640 2280 ad
653 2225 718 2278 alioa
731 2225 888 2288 remittunt,
903 2239 929 2279 et
943 2223 1054 2297 quidem
1069 2221 1105 2276 od
1121 2223 1245 2276 Perrhae.

167 2307 204 2363 de
215 2309 281 2363 lleb.
295 2327 345 2382 per
358 2307 437 2381 epist.
451 2308 553 2375 Quart.
569 2307 620 2381 Ep.
635 2309 678 2372 28,
692 2319 720 2361 et
733 2307 814 2379 lllpb.
826 2305 861 2360 de
875 2307 996 2360 Carunaa
1010 2304 1090 2362 blico.
1104 2304 1138 2359 de
1148 2306 1245 2372 Portu,

168 2409 193 2445 c.
211 2393 260 2453 tv,
276 2404 343 2446 rect.
357 2412 388 2457 a,
401 2409 463 2464 pag.
480 2391 547 2460 359,
560 2410 628 2464 quoe
645 2389 770 2462 equidem
784 2389 922 2442 contulere
934 2407 990 2441 non
1004 2389 1098 2460 potui,
1117 2388 1160 2441 rel
1175 2386 1244 2442 deei-

167 2473 246 2547 guari
268 2485 366 2546 putant
386 2475 474 2528 lucum
497 2471 710 2539 Velabrensem,
734 2471 769 2526 ad
789 2471 892 2525 radices
912 2471 1013 2525 montis
1032 2471 1175 2534 Aventini,
1196 2471 1246 2524 ubi

167 2557 267 2611 cloacae
284 2555 375 2627 (unde
386 2557 440 2610 boc
452 2557 513 2611 loco
523 2558 640 2626 spurcos)
654 2555 841 2610 confluxerint.
856 2559 892 2609 At
902 2574 982 2608 nemo
998 2567 1120 2608 veterum
1132 2555 1246 2628 scripto·

167 2659 229 2695 ruru
239 2681 248 2706 ,
259 2639 438 2712 quodetiam,
453 2640 535 2712 hujut
546 2640 633 2705 lacue,
643 2638 743 2694 nedum
754 2639 899 2704 liberorum
911 2639 949 2691 ibi
961 2639 1161 2711 expositorum,
1173 2657 1245 2693 men-

168 2726 271 2779 tionem
284 2723 355 2777 iecit.
370 2723 484 2776 Constat
496 2723 595 2795 potiut,
610 2725 701 2778 Romae
711 2721 828 2776 inianter
840 2740 932 2776 recena
941 2735 1022 2775 nutot
1032 2722 1191 2794 plerumque
1198 2741 1245 2777 ex·

168 2807 274 2879 potitor
286 2807 369 2860 irritae
380 2805 416 2859 ad
427 2806 580 2860 columnam
591 2807 733 2859 lactariam
743 2805 772 2858 in
786 2806 846 2860 loro
857 2805 975 2859 olitorio.
986 2806 1046 2860 Hoc
1057 2817 1145 2858 autem
1156 2805 1245 2859 iorum

169 2889 223 2942 luit
236 2888 420 2960 propinquum
434 2888 519 2942 monti
535 2887 689 2962 Capitolino
702 2900 729 2942 et
742 2888 877 2955 Velabro,
891 2889 945 2942 boc
958 2901 1015 2954 eet,
1032 2888 1153 2960 planitiei
1173 2890 1245 2942 inter

168 2973 364 3045 Capitolinum,
376 2973 540 3027 Aventinum
551 2987 578 3026 et
591 2973 743 3028 Palatinum
754 2984 868 3037 menter,
880 2972 909 3024 in
920 2989 999 3044 quam
1011 2988 1080 3043 rupe
1092 2970 1246 3027 exundabat

168 3059 292 3124 Tiberia,
302 3077 412 3132 quaeque
424 3058 522 3113 cloacis
532 3058 561 3111 in
569 3058 641 3111 bunc
652 3057 765 3110 flurium
777 3043 1036 3110 ductie'eiccubatur.
1050 3065 1060 3091 ¹
1078 3055 1119 3107 Eo
1135 3055 1209 3110 forte
1217 3067 1245 3112 et

168 3155 251 3214 poeta
262 3154 290 3197 et
302 3142 417 3214 interpp.
431 3159 580 3213 respexere.
590 3171 625 3182 -
634 3143 697 3192 Inde
707 3143 794 3210 petitor
805 3140 920 3208 infantes
932 3140 1039 3212 epurioe
1044 3178 1054 3203 ,
1069 3159 1084 3193 e
1095 3140 1193 3211 quibua
1204 3141 1245 3195 tic

171 3225 241 3279 liunt
252 3225 316 3278 olim
329 3228 392 3277 Solii
405 3239 429 3278 et
440 3227 538 3290 Scauri,
553 3225 608 3278 boc
621 3237 673 3288 eet,
687 3225 784 3278 cummi
798 3224 949 3280 cacerdotee
964 3237 991 3279 et
1003 3225 1190 3297 magistratus,
1200 3226 1244 3278 vel

169 3309 281 3362 nobiles.
291 3338 327 3348 —-
336 3310 468 3380 Pontifices
478 3310 573 3370 Salios,·
583 3307 645 3362 vide
654 3309 720 3361 Var.
733 3309 820 3364 Lectt.
832 3311 910 3360 Solios
922 3309 1053 3382 exquirite
1065 3307 1135 3362 dixit
1144 3319 1241 3381 poeta:

169 3409 232 3445 nam
247 3409 303 3444 nun
317 3389 429 3462 juvenes
445 3389 526 3444 modo
539 3390 643 3445 nobile·
653 3392 771 3447 bonores
783 3411 833 3464 per
847 3391 998 3447 sacerdotia
1014 3391 1089 3446 adire
1104 3391 1242 3457 solebant,

170 3475 218 3531 ted
230 3476 259 3529 iu
271 3477 324 3530 boc
337 3475 507 3552 sacerdotum
516 3494 623 3548 quoque
633 3476 775 3548 collegium
786 3495 842 3529 nou
853 3475 907 3529 uici
915 3473 1019 3548 patricii
1031 3477 1156 3547 juvenes,
1171 3473 1244 3545 iique

169 3561 281 3631 patrimi
293 3572 320 3613 et
330 3560 463 3625 matrimi,
474 3560 681 3632 cooptubantur.
702 3565 847 3612 Scaurorum
860 3558 888 3612 b.
902 3559 921 3612 l.
934 3577 985 3630 pro
996 3556 1135 3630 quibusvis
1146 3555 1243 3610 nobili-

170 3643 235 3706 bua,
251 3662 365 3716 quorum
378 3646 477 3695 nomina
489 3643 624 3716 accipiunt
634 3643 768 3717 supponiti
781 3643 818 3698 illi
828 3683 836 3708 ,
848 3641 896 3698 aad
902 3645 976 3712 firlso
989 3660 1100 3709 corpore,
1110 3640 1138 3693 b.
1149 3639 1167 3693 l.
1179 3639 1243 3712 qula

171 3726 253 3793 fuleo,
263 3745 313 3798 per
321 3745 452 3794 errorem,
461 3745 555 3780 eorum
566 3725 613 3778 lilii
624 3739 763 3798 putantur.
781 3725 891 3781 «Simile
902 3739 993 3780 tamen
1004 3723 1107 3798 aliquid
1116 3723 1187 3778 iorte
1196 3741 1242 3777 ac·

170 3807 237 3864 cidit
246 3809 276 3862 in
286 3807 386 3863 familia
394 3803 572 3876 Scaurorum,
583 3805 617 3862 ud
627 3807 701 3882 quod
709 3807 804 3864 alludit
813 3820 927 3882 poeta3·
938 3807 1004 3861 Acb.

593 3996 822 4016 mmmm

209 4121 217 4184 ξ
238 4113 311 4163 eous.
325 4113 378 4161 Lir.
393 4117 419 4174 1,
434 4115 466 4162 38
481 4125 543 4164 extr.
556 4115 627 4165 Ouid.
641 4119 704 4166 Fert.
718 4119 768 4177 vt,
782 4125 830 4174 401
843 4131 895 4180 req.
910 4126 941 4196 ⁰⁸.
952 4116 1041 4179 lieyne
1054 4111 1085 4161 td
1097 4111 1186 4160 Tibull.
1200 4115 1241 4173 11,

174 4197 198 4254 ⁵,
210 4197 251 4246 3³.
