3130 4986
243 409 251 442 ·
327 393 388 458 160
604 355 1112 460 uiumrsuvnriams
1184 403 1187 412 ’

286 515 288 520 ’
319 508 459 575 Sarraco
477 505 638 574 veniente
654 507 762 593 abies,
782 523 883 602 atque
900 508 1004 578 altera
1020 510 1137 604 pinum
1340 521 1390 576 25⁵

321 614 472 684 Plaustra
483 616 635 702 ‘vehunt3
656 631 777 685 nutant
792 614 883 702 altae,
904 616 1097 712 populoque
1112 606 1297 688 minantur.

319 727 407 795 Nam
426 725 453 792 si
470 725 667 819 procubuit,
684 729 742 818 qui
761 750 836 794 saxa
850 727 1022 820 Ligustica
1037 741 1149 821 portat

318 834 415 918 Axis,
433 848 468 900 et
484 857 640 901 eversum
661 831 748 902 fudit
766 858 869 928 super
887 835 1023 930 agmina
1039 850 1208 921 montem,

317 941 409 1030 Quid
426 958 581 1038 superest
596 942 638 1011 de
656 941 877 1037 corporibus?
893 943 966 1036 quis
984 943 1153 1028 membra,
1174 944 1248 1038 quis
1265 966 1341 1014 ossa

318 1050 476 1121 Invenit?
492 1051 655 1120 obtritum
673 1051 766 1146 vulgi
782 1052 872 1146 perit
888 1076 989 1120 omne
1007 1052 1163 1137 cadaver,
1340 1071 1393 1122 26⁰

318 1164 416 1230 More
432 1162 561 1230 animae.
580 1163 709 1230 Domus
728 1162 857 1230 interea
873 1185 989 1230 secura
1005 1159 1140 1255 patellas

316 1274 389 1340 Jarn
408 1271 511 1358 lavat,
529 1287 564 1340 et
582 1272 689 1342 bucca
706 1269 858 1341 foculum
875 1271 1016 1355 excitat,
1035 1284 1069 1338 et
1085 1284 1182 1338 sonat
1197 1269 1311 1338 unctis

317 1381 512 1477 striglibus,
530 1398 566 1452 et
584 1382 686 1477 pleno
705 1384 881 1478 componit
895 1381 997 1451 lintea
1015 1395 1122 1474 gatto.

317 1495 398 1561 Haec
415 1492 504 1560 inter
520 1515 646 1586 pueros
663 1493 753 1560 varie
773 1506 1022 1586 properantur:
1040 1505 1074 1558 at
1093 1489 1147 1558 ille

316 1603 390 1668 Jarn
407 1599 503 1668 sedet
518 1600 553 1668 in
574 1601 663 1694 ripa,
681 1614 875 1693 tetrumque
894 1600 1048 1669 novicius
1064 1599 1183 1668 horret
1341 1618 1393 1672 265

316 1710 518 1795 Porthmea;
535 1733 600 1778 nec
616 1724 728 1803 sperat
744 1711 869 1778 coenosi
887 1709 1027 1804 gurgitis
1044 1706 1158 1776 alnum

317 1818 459 1905 Infelix;
481 1843 546 1886 nec
565 1818 685 1904 habet,
705 1842 807 1911 quem
825 1818 997 1912 porrigat,
1014 1841 1072 1884 ore
1091 1818 1259 1887 trientem.

364 1929 533 2021 «Respice
550 1951 643 1996 nuuc
660 1925 740 2013 alia,
758 1952 796 1996 ac
814 1927 947 1996 diversa
963 1924 1112 2020 pericula
1129 1929 1255 1996 noctis:

316 2035 417 2124 Quod
435 2037 581 2129 spatium
599 2035 695 2103 tectis
712 2033 929 2119 sublimibus,
949 2035 1038 2103 unde
1056 2035 1232 2104 cerebrum

315 2149 414 2214 Testa
434 2144 532 2230 serit,
549 2144 680 2238 quoties
700 2144 821 2211 rimosa
839 2158 874 2211 et
891 2159 987 2212 curta
1005 2143 1160 2212 fenestris
1338 2180 1391 2231 ²70

316 2367 382 2422 culo
395 2365 515 2441 abiegna
526 2363 620 2421 trahes
634 2363 711 2418 inter
723 2362 838 2418 turbam
851 2360 970 2431 emicat,
984 2371 1034 2417 aut
1043 2362 1127 2437 pinea
1140 2361 1196 2419 alio
1207 2378 1297 2418 curru
1308 2375 1392 2420 vecta

315 2458 429 2515 vacillat
448 2455 599 2526 sublimis,
626 2465 655 2512 et
680 2453 893 2511 cohorrescenti
915 2453 1023 2508 circum
1044 2454 1154 2528 populo
1175 2454 1336 2510 imminens.
1357 2455 1392 2512 si

315 2548 433 2624 quaudo
447 2547 526 2602 enim
542 2546 701 2624 contingit,
718 2556 751 2601 ut
764 2547 924 2620 plaustrum
940 2546 1059 2621 aliquod
1070 2545 1213 2621 ejusmodi
1227 2565 1391 2615 marmore,

315 2639 397 2715 qarod
413 2655 429 2694 e
445 2636 564 2712 Liguria
580 2635 772 2704 extrahimus,
792 2647 929 2692 onustum
940 2637 1134 2707 subvertatur,
1154 2649 1182 2694 et
1199 2637 1327 2712 lapidum
1338 2657 1390 2694 ve-

316 2734 370 2791 luti
382 2741 511 2788 montem
525 2729 655 2786 effundat
666 2729 696 2783 in
710 2728 941 2784 circumstantem
952 2730 1186 2802 multitudinem,
1197 2731 1235 2787 ita
1249 2732 1392 2788 obterun-

316 2837 365 2882 tur
377 2842 519 2899 corpora,
535 2833 568 2878 ut
584 2819 656 2876 nihil
673 2839 708 2876 ex
723 2819 757 2874 iis
771 2830 880 2876 restare
894 2823 958 2895 plus
970 2821 1116 2890 videatur,
1136 2841 1222 2896 φιαιιι
1243 2840 1278 2878 ex
1296 2823 1392 2879 anima

265 2933 269 2944 ¹
314 2919 390 2993 ipsa,
407 2935 470 2991 quae
485 2913 611 2971 avolarit
626 2931 658 2967 ac
669 2930 811 2985 nusquam
824 2924 960 2986 apparet;
976 2931 1030 2968 neo
1050 2914 1180 2969 membra
1198 2914 1388 2989 dignoscere,

314 3027 367 3064 nec
382 3025 444 3063 ossa
456 3005 592 3080 colligere
608 3002 758 3078 ‹piisquam
775 3003 875 3078 possit.
890 3005 1008 3061 Interim
1023 3004 1146 3075 familia,
1159 3005 1237 3061 bunc
1249 3006 1388 3082 ignotam

315 3119 427 3168 casum,
443 3117 510 3153 vasa
528 3095 633 3152 escaria
650 3096 744 3164 lavat,
761 3097 920 3169 sportulam
933 3107 963 3154 et
976 3096 1064 3170 dapes
1079 3115 1149 3170 quas
1165 3097 1275 3152 ferebat
1289 3117 1391 3154 servas

315 3201 495 3266 exspectans3
505 3200 534 3246 et
544 3186 810 3244 oreanbelosocum
820 3188 1244 3264 accendit,ungitdetergitque
1253 3200 1391 3247 sonantes

315 3283 453 3359 strigiles,
469 3291 583 3356 guttum
596 3280 660 3336 oleo
674 3278 788 3353 implet,
800 3279 887 3335 lintea
898 3291 1038 3354 preparat
1045 3300 1054 3350 ;
1070 3278 1109 3336 sic
1121 3281 1216 3336 omnia
1229 3281 1266 3336 ad
1277 3300 1387 3339 coenam

315 3373 472 3433 necessaria
486 3390 611 3446 propere
626 3369 726 3427 famuli
737 3370 896 3447 expediunt
909 3394 915 3428 ε
928 3373 1046 3428 interim
1058 3391 1156 3429 servus
1168 3372 1282 3444 infelix,
1293 3376 1389 3432 obtri—

316 3479 362 3524 tus
377 3467 520 3540 plaustro,
532 3463 591 3537 jam
604 3473 647 3519 est
658 3462 689 3518 in
700 3463 796 3538 Stygis
808 3464 886 3539 ripa,
900 3475 930 3520 et
941 3466 1095 3521 Charoutis
1108 3476 1175 3522 aute
1187 3485 1247 3523 non
1258 3467 1313 3524 visi
1323 3469 1388 3524 vul-

316 3573 377 3618 tum
387 3559 541 3615 informem
552 3556 746 3632 perhorrescit
759 3576 765 3612 :
780 3575 928 3632 quumque
939 3568 1033 3613 careat
1044 3556 1164 3625 triente,
1177 3575 1264 3630 quem
1276 3560 1317 3614 illi
1330 3578 1387 3634 pro

315 3663 433 3710 vectam
443 3649 555 3718 solvat,
570 3667 650 3722 spem
663 3648 772 3704 nullam
784 3648 1024 3718 transmittendae,
1040 3648 1071 3704 in
1085 3647 1146 3720 ejus
1157 3649 1259 3722 cymba
1271 3669 1306 3707 ex
1318 3651 1387 3708 aluo

315 3747 403 3812 lacta,
421 3760 540 3800 coenosae
556 3735 764 3817 Stygis'babet.

356 3836 421 3892 268.
444 3838 562 3908 «Atque
582 3834 642 3888 haec
660 3831 778 3906 quidem
797 3828 925 3904 pericula
946 3841 974 3886 et
993 3831 1176 3890 incommoda
1188 3832 1297 3890 suntin
1309 3835 1386 3892 urbe

314 3928 468 3986 metuenda
483 3925 629 3983 interdiu:
645 3924 785 4000 jamque
804 3933 894 3978 noctu
910 3923 1135 3998 pertimescenda
1154 3935 1222 3981 sunt
1242 3926 1384 4000 expende.

316 4017 519 4093 Contemplare
531 4018 563 4073 in
577 4025 712 4092 quantam
723 4005 905 4071 altitudinem
917 4016 1085 4071 attollantur
1094 4015 1248 4072 domorum
1257 4017 1385 4093 lastigie,

316 4131 331 4167 e
344 4112 448 4185 tpaibns
458 4111 490 4166 in
502 4111 595 4186 capita
605 4109 841 4184 praetereuntium
852 4107 991 4164 decidunt
1001 4109 1121 4184 tegulae,
1133 4120 1182 4166 aut
1192 4127 1256 4164 vasa
1267 4106 1386 4180 fictilia,
