3058 4988
394 424 448 489 IN
471 422 703 490 SATIRAM
725 424 949 490 SEXTAM.
1144 423 1209 504 459

165 539 237 592 Nor.
259 537 320 611 337.
333 545 423 592 omnes
434 543 561 592 Novenmt
568 541 652 592 Hateri
662 553 737 608 atque
747 543 804 591 Indi
812 539 948 610 proverbii
957 539 1018 593 loco
1029 537 1129 592 dicitur
1137 535 1172 592 de
1181 555 1211 589 re

121 622 304 694 pervulgata,
315 634 346 675 ut
354 624 465 674 omuibus
475 637 500 673 et
508 624 582 690 lappis
591 635 617 673 et
624 624 762 672 tonsoribus
770 635 853 673 notum
866 620 941 693 apud
954 621 1019 674 Hor.
1038 621 1092 675 Sat.
1103 621 1132 684 Ι,
1146 639 1172 691 7,
1185 617 1210 670 3.

125 707 184 760 Res
196 720 287 762 autem
299 725 332 759 eo
344 717 467 778 augetur,
479 705 552 777 qnod
565 705 660 777 populi
674 705 848 759 nominantur
863 720 918 760 tam
930 705 1087 778 longinqui,
1098 703 1132 758 ad
1143 720 1212 776 quos

126 791 203 842 fama
212 790 296 862 hujus
307 789 346 844 rei
359 789 520 861 pervenerit.
531 820 566 830 -
576 788 702 842 innuitur
713 788 834 853 Clodius,
843 789 891 861 qui
902 791 997 845 habitu
1005 792 1118 858 psaltria
1129 788 1212 842 sacris

124 873 214 952 Bonq
228 876 291 928 Dete
307 873 444 936 interfuit,
457 885 636 947 stuprumque
649 873 740 927 intulit
753 873 904 945 Pompeiae,
915 874 1028 929 Cetaria
1041 874 1127 927 uxori.
1139 870 1212 926 Vide

124 955 242 1012 Sueten.
253 957 319 1012 Ces.
333 961 357 1012 6.

167 1105 237 1152 Vsa.
259 1105 318 1152 338.
332 1103 400 1161 stne,
419 1103 459 1163 1⁵,
471 1118 515 1164 ²7,
527 1103 569 1160 45,
581 1102 623 1163 46,
633 1112 675 1164 47,
686 1110 729 1167 49,
739 1102 782 1163 50,
792 1103 835 1162 56,
845 1102 960 1162 tto-65,
969 1104 1084 1165 68-74‚
1094 1120 1135 1164 77.

165 1195 237 1250 Nor.
258 1193 319 1250 338.
338 1195 457 1248 Mentem
478 1208 566 1268 poete
583 1207 656 1250 recte
672 1195 743 1266 cepit
762 1193 926 1266 Granguns:
946 1193 1062 1248 -Facete
1081 1193 1215 1266 significat

127 1280 280 1333 mentulam
290 1277 380 1332 ctodii
390 1276 475 1350 duplo
487 1281 617 1352 majorem
630 1279 741 1332 Cesaris
753 1278 871 1331 mentula
886 1277 983 1343 luisse,
996 1291 1023 1330 et
1036 1291 1147 1349 propter
1160 1292 1214 1331 tam

127 1363 291 1433 opulentum
316 1360 452 1434 peculium
478 1360 633 1434 Pompeiam
653 1362 765 1415 Caesaris
784 1379 894 1414 uxorem
912 1360 997 1432 magis
1012 1360 1137 1416 dilexisse
1153 1361 1216 1415 Clu·

128 1445 223 1514 dium,
235 1463 318 1520 qaam
331 1447 473 1501 Curarem.
487 1447 578 1513 Quare
593 1459 683 1500 autem
697 1446 809 1500 Caesaris
823 1444 971 1498 mentulam
984 1448 1158 1496 Anticatonem
1168 1463 1216 1496 ro·

128 1544 183 1596 cet,
190 1530 220 1583 iu
227 1541 358 1603 promptu
368 1542 416 1584 est.
424 1530 493 1583 Nam
500 1531 589 1585 Cesar
596 1530 720 1602 corrupit
727 1529 875 1592 Serviliam,
884 1528 993 1582 Catonis
1002 1547 1122 1582 sororem
1129 1549 1136 1592 ;
1144 1526 1216 1582 unde

126 1613 231 1668 merito
241 1613 317 1667 illius
329 1612 406 1686 penis
417 1616 535 1664 Anticum
548 1610 623 1682 (side
633 1611 666 1666 ad
677 1614 719 1679 X,
730 1613 802 1682 319).
814 1612 946 1666 Praeterea
957 1611 1045 1665 Cesar
1059 1613 1158 1665 librum
1173 1609 1218 1664 ad·

127 1716 226 1752 versus
237 1699 339 1752 librum
349 1697 500 1759 Ciceronis,
516 1697 559 1752 cui
569 1697 663 1751 titulus
679 1702 749 1761 Coto,
762 1698 916 1769 composuit
927 1699 1085 1749 Anticatonis
1099 1696 1216 1748 nomine.

129 1783 168 1834 At
176 1780 295 1835 studiosi
304 1781 474 1856 antiquitatis
484 1781 589 1847 sciunt,
598 1782 682 1836 libros
694 1784 752 1854 (qni
761 1783 797 1835 ob
807 1780 837 1835 id
848 1781 922 1836 dictu
932 1784 1075 1851 columina)
1086 1781 1114 1834 in
1124 1780 1218 1835 orbern

129 1864 260 1938 plicatos,
267 1879 295 1920 et
301 1863 378 1940 penis
386 1863 503 1938 quodam
511 1864 601 1931 modo,
611 1885 658 1921 teu
665 1865 896 1939 longitudinem
903 1865 1081 1932 rotunditate,
1091 1865 1217 1919 similitu-

130 1947 226 2004 dinem
238 1952 468 2025 praestetisse·
481 1957 536 2003 Duo
550 1953 732 2013 Anticatorrm
743 1969 806 2004 nam
820 1949 875 2004 duo
888 1949 962 2003 luere
971 1951 1035 2003 libri
1048 1971 1054 2001 :
1070 1949 1133 2002 side
1142 1949 1217 2002 Suet.

129 2035 199 2090 Ces.
215 2037 260 2091 56,
284 2038 321 2089 At
335 2035 415 2089 tutius
429 2053 538 2108 quoque
551 2034 640 2108 operis
654 2034 748 2088 titulus
762 2037 879 2086 Atticm
895 2034 962 2104 fuit,
982 2035 1063 2089 etita
1077 2035 1104 2090 b.
1120 2035 1137 2088 l.
1151 2034 1218 2105 iscip-

129 2138 190 2191 γιια
199 2131 323 2192 augetur.
335 2129 345 2154 ¹

172 2261 242 2313 Vsa.
262 2265 322 2330 339.
335 2263 401 2327 Illic,
413 2279 456 2330 a7,
469 2267 583 2329 45-49,
594 2265 636 2325 58,
647 2267 690 2315 60.

166 2356 238 2411 Non.
259 2355 319 2425 339.
339 2357 436 2412 Facete
444 2369 470 2411 et
479 2357 514 2411 ad
524 2357 631 2413 sceleris
642 2355 768 2411 Clodiani
778 2357 947 2412 atrocitatem
959 2355 1149 2412 declarandam
1157 2369 1219 2429 apte
1325 2351 1328 2358 ’

131 2440 213 2513 fingit
223 2454 319 2514 poeta,
333 2453 436 2496 tantam
449 2441 531 2495 Bone
542 2444 604 2495 Dete
616 2441 775 2512 pudicitiam
789 2453 816 2494 et
829 2459 970 2494 sacrorum
984 2442 1044 2513 ejus
1058 2441 1218 2514 religionem

132 2523 233 2586 fuisse,
253 2539 284 2580 ut
302 2543 359 2578 uon
376 2523 458 2578 modo
471 2525 545 2579 baud
556 2524 663 2580 admitti
680 2526 721 2578 las
737 2525 820 2579 luerit
833 2525 956 2579 animalia
967 2527 1102 2591 mascula,
1120 2525 1218 2580 nedum

132 2608 229 2675 suos,
241 2607 289 2662 aed
307 2609 355 2664 illa
366 2627 474 2682 qnoque
493 2623 589 2681 sponte
601 2609 771 2664 sanctissimo
784 2609 869 2662 eloco
879 2627 1018 2662 sacrorum
1034 2610 1217 2682 prolngerint:

131 2692 281 2764 plurimum
293 2693 374 2746 etiam
384 2693 446 2747 salis
455 2692 572 2747 orationi
581 2711 615 2748 eo
625 2690 787 2758 admiscuit,
797 2691 872 2765 quod
882 2712 937 2747 uon
944 2711 1038 2747 canem
1048 2695 1218 2758 memorarit,

134 2775 183 2830 sed
198 2795 309 2843 merresa,
326 2795 375 2830 nec
388 2779 537 2832 masculum
550 2776 620 2854 dixit
627 2819 635 2846 ,
650 2777 698 2832 sed
707 2779 813 2830 turmali
819 2779 868 2830 sibi
876 2779 1014 2839 consciunt,
1028 2779 1076 2852 qni
1087 2779 1217 2832 memine-

134 2859 189 2927 rit,
202 2879 231 2915 se
242 2859 343 2914 habere
355 2861 503 2914 testiculos.

167 3005 237 3052 Vsa.
258 3006 318 3062 tro.
332 3007 364 3054 ln
378 3021 408 3068 7,
421 3015 479 3071 post
489 3022 525 3057 vs.
539 3005 598 3068 337,
612 3006 714 3072 legitur,
727 3017 753 3054 et
765 3021 816 3055 nna
828 3021 884 3054 cnm
897 3021 933 3055 va.
943 3021 996 3070 seq.
1014 3007 1083 3056 abest
1100 3023 1113 3056 t
1127 3010 1168 3058 16.
1180 3033 1220 3046 -

136 3088 255 3148 Venari,
276 3105 315 3153 ¹9·

170 3177 241 3231 Nor.
261 3180 329 3243 340.
350 3177 411 3243 341.
431 3182 472 3232 De
484 3178 580 3234 iisdem
599 3180 681 3234 Bonas
694 3183 757 3234 Dee
775 3181 858 3236 sacris
870 3179 971 3234 Seneca
987 3181 1074 3254 Epist.
1094 3183 1171 3236 XCV
1172 3182 1215 3251 11,

133 3287 145 3310 ι
153 3263 293 3318 Submotis
302 3275 377 3316 extra
388 3275 564 3334 conspectum
576 3265 701 3318 omnibus
714 3265 788 3330 viris,
800 3277 831 3318 ut
841 3264 955 3336 picture
965 3283 1073 3338 quoque
1082 3267 1215 3321 masculo·

132 3365 197 3400 rnna
211 3347 369 3400 animalium
382 3359 571 3419 contegantur.
582 3359 634 3401 etc.
643 3373 655 3393 ι
670 3377 706 3388 -
723 3351 838 3410 Alterius,
850 3348 1006 3416 masculini,
1017 3369 1107 3417 sexus,
1119 3349 1213 3411 maris,

125 3431 252 3502 figuram,
268 3430 429 3503 imaginem,
442 3434 539 3483 imitata
550 3445 602 3494 est,
611 3433 759 3504 expressit,
769 3432 899 3487 exhibuit.

171 3578 239 3625 Vsa·
260 3577 317 3632 3⁴1.
326 3575 372 3624 Est
381 3593 435 3627 non
446 3587 525 3626 exstat
537 3577 565 3626 iu
578 3577 620 3626 25.

172 3672 240 3720 Vsa.
259 3672 318 3729 ita.
333 3672 383 3720 Sed
393 3671 460 3738 qais,
473 3681 516 3730 st.
528 3671 633 3738 Ecquis,
644 3671 686 3735 25,
700 3674 741 3735 57,
752 3677 795 3724 60.
806 3700 842 3715 -·-
854 3674 938 3737 Nunc,
951 3675 993 3730 45.
1002 3699 1039 3712 -
1048 3673 1160 3740 Ecquis,
1173 3689 1216 3738 77.

168 3762 240 3817 Nor.
261 3763 310 3827 342
325 3781 380 3836 seq.
400 3764 434 3817 Et
446 3765 525 3835 pauci
535 3766 591 3837 jam
602 3780 675 3829 tanc,
686 3763 777 3818 Clodii
787 3766 967 3837 temporibus,
977 3765 1027 3827 ita,
1037 3778 1065 3817 nt
1076 3765 1133 3828 ille,
1144 3764 1214 3818 anti·

135 3863 219 3919 quam
230 3864 369 3900 sacrorum
382 3847 539 3918 religionem
551 3848 734 3921 spernebant:
748 3861 776 3902 st
786 3869 853 3901 suae
865 3851 958 3913 Clodii,
971 3849 998 3902 b.
1010 3868 1032 3902 e.
1048 3849 1156 3905 scelesti
1165 3850 1213 3903 bo-

559 4007 791 4028 mmmm

172 4115 183 4143 ¹
201 4109 274 4160 Corsi.
282 4109 345 4158 l'lnt.
354 4109 473 4160 Vitcoes.
483 4111 548 4176 Opp.
558 4119 618 4159 tom.
627 4112 651 4171 1,
696 4112 748 4159 111
754 4146 762 4172 ,
774 4118 822 4168 ⁴13
834 4111 913 4173 xm,
925 4111 973 4172 43,
987 4121 1012 4160 et
1021 4110 1052 4159 de
1063 4112 1120 4161 Dis.
1129 4113 1169 4174 ll,
1181 4128 1211 4176 9,

133 4205 160 4256 p.
174 4190 286 4252 733,c3
298 4189 419 4252 Gell.1V‚
432 4193 478 4252 163
493 4191 544 4241 Cic.
556 4190 588 4239 ad
601 4191 652 4240 ao.
701 4191 798 4256 itTop.
807 4201 849 4256 94.
