3056 4984
326 400 391 480 ara
598 405 639 466 n.
670 353 808 466 suun
836 402 1117 472 Juvauanrs

323 515 579 609 Chrysogonum
597 530 729 594 cantare
747 530 872 584 vetent.
892 517 1046 612 Hispulla
1062 518 1211 612 tragoedo

323 623 457 692 Gaudet
476 650 484 692 :
503 649 545 692 an
563 639 749 720 exspectas,
765 639 804 694 ut
820 625 1049 713 Quintilianus
1063 626 1217 698 ametur?

322 733 457 828 Accipis
475 759 629 820 uxorem,
649 735 690 804 de
707 759 773 839 qua
789 735 994 806 citharoedus
1011 737 1158 822 Echion,

322 844 390 912 Aut
406 843 598 939 Glaphyrus
615 844 674 914 fiat
689 860 801 939 pater,
817 847 1080 941 Ambrosiusque
1096 845 1281 916 choraules.

322 955 440 1046 Longa
454 979 517 1048 per
533 970 692 1050 angustos
710 955 850 1048 figamus
867 955 997 1051 pulpita
1016 957 1129 1028 vicos:

321 1064 495 1132 ornentur
512 1081 643 1159 postes,
660 1080 695 1136 et
710 1065 829 1158 grandi
842 1065 947 1159 janua
960 1065 1072 1151 lauro,

321 1172 370 1241 Ut
386 1175 575 1242 testudineo
592 1176 670 1262 tibi,
686 1175 850 1261 Lentule,
868 1200 1021 1270 conopeo

322 1283 457 1354 Nobilis
473 1284 656 1378 Euryalum
673 1286 909 1357 mirmillonem
926 1286 1090 1380 exprimat
1106 1284 1225 1352 infans.

371 1395 488 1488 Nupta
502 1396 657 1463 Senatori
674 1396 831 1469 comitata
848 1410 899 1465 est
915 1395 1039 1490 Hippia
1057 1393 1202 1464 Ludium

322 1501 374 1570 nd
392 1502 545 1586 Pharon,
562 1519 596 1572 et
613 1503 750 1591 Nilum,
767 1504 961 1600 famosaque
976 1504 1099 1574 moenia
1114 1503 1215 1596 Lagi,

323 1611 484 1705 Prodigia
501 1628 534 1680 et
549 1639 659 1684 mores
673 1615 776 1684 Urbis
793 1615 971 1684 damnante
987 1617 1136 1708 Canopo.

322 1725 505 1790 Immemor
523 1722 577 1792 illa
593 1723 729 1810 domus,
747 1740 782 1793 et
797 1724 967 1818 conjugis,
983 1738 1083 1816 atquc
1100 1722 1240 1805 sororis,
1356 1729 1386 1784 8⁵
1503 1711 1504 1792 l

250 1827 253 1834 ’
322 1832 379 1903 Nil
397 1833 514 1927 patriae
532 1834 688 1922 indulsit3
705 1836 945 1930 plorantesque
960 1834 1113 1928 improba
1128 1847 1240 1916 natos,

322 1942 439 2038 thue
454 1946 559 2041 magis
577 1961 727 2041 stupeas,
745 1947 840 2016 ludos
858 1946 1079 2037 Paridemque
1095 1941 1239 2036 reliquit.

322 2051 389 2120 Sed
405 2077 607 2148 quamquam
623 2054 658 2122 in
675 2056 806 2150 magnis
823 2055 962 2148 opibus,
978 2053 1158 2146 plumaque
1175 2063 1329 2144 paterna,

323 2163 368 2230 Et
383 2164 597 2256 segmentatis
613 2163 791 2233 dormisset
806 2161 945 2258 parvula
960 2162 1072 2247 cunis,

323 2385 454 2462 Hispulla
468 2398 599 2444 matrona
611 2387 734 2464 tragoedi
743 2404 841 2442 amore
853 2386 973 2460 capitur.
992 2387 1132 2460 sperasne
1147 2383 1243 2439 uirum
1259 2397 1388 2458 gravem,

324 2488 432 2534 castum
443 2479 634 2554 docmmque,
650 2479 741 2554 qualis
749 2478 805 2534 fuit
813 2477 932 2554 insignis
943 2479 1044 2534 rhetor
1060 2474 1271 2547 Quintilium,
1286 2471 1391 2528 abistis

323 2569 476 2644 impudicis
492 2571 606 2628 leminis
619 2583 745 2628 amatum
761 2572 813 2643 iri,
828 2572 1009 2648 potiusquam
1025 2570 1145 2628 lascivos
1157 2567 1335 2626 histriones?
1349 2567 1391 2622 Tu

325 2679 403 2721 nnnc
418 2681 541 2720 uxorem
554 2662 690 2736 assumis,
704 2681 790 2737 equa
802 2663 910 2720 liberos
924 2662 1059 2738 suscipiet
1072 2662 1162 2718 lactus
1174 2670 1266 2735 pater,
1278 2677 1338 2716 non
1349 2658 1392 2727 vir

325 2752 428 2828 aliquis
440 2753 575 2824 eximius,
590 2754 641 2812 sed
654 2753 765 2811 Echion
779 2753 966 2822 citharoedus,
979 2755 1026 2810 vel
1040 2753 1202 2828 Glaphyrus
1215 2749 1334 2818 tibicen,
1347 2750 1392 2805 rel

326 2845 497 2902 Ambrosius
509 2846 668 2902 choraules.
683 2847 761 2922 Ergo
780 2845 893 2919 nuptias
910 2847 1036 2916 celebra,
1054 2857 1083 2903 et
1099 2864 1152 2921 per
1168 2853 1304 2920 angustos
1317 2842 1393 2901 vicos
1503 2919 1504 2928 ἵ

327 2936 473 3024 erigamus
488 2940 574 3014 longa
587 2949 742 3014 suggesta,
762 2937 791 2993 in
810 2938 915 3012 quibus
940 2939 994 2996 tibi
1015 2937 1172 2995 recitentur
1194 2934 1390 3010 epithalamia:

326 3041 469 3087 ornentur
486 3029 606 3088 floribus
620 3042 733 3104 postes,
748 3040 777 3089 ct
790 3031 894 3106 grandi
908 3031 989 3088 lauro
1000 3030 1108 3105 januae,
1121 3041 1156 3085 ut
1168 3027 1287 3086 illustris
1301 3027 1393 3084 infau-
1503 3085 1504 3124 q

327 3122 403 3178 tulus
416 3124 470 3180 sub
482 3141 613 3199 conopeo
624 3123 655 3179 iu
665 3124 789 3181 sormam
801 3122 951 3180 testudinis
962 3141 1087 3197 expanso
1098 3122 1252 3191 recubans,
1267 3119 1321 3176 tibi
1329 3118 1392 3176 viro
1503 3135 1504 3172 t

326 3212 436 3284 nobili,
451 3224 486 3272 et
504 3214 588 3270 alteri
609 3215 733 3272 Lenmlo
755 3215 912 3290 Euryalum
925 3213 1113 3289 gladiatorem
1129 3214 1212 3270 vultu
1229 3229 1392 3288 expressum

327 3303 442 3362 reserat.

368 3398 416 3454 82.
427 3397 548 3472 Hippia,
560 3418 650 3473 quum
658 3399 785 3456 senatori
795 3400 933 3478 collocata
940 3373 1051 3457 essctin
1059 3397 1292 3465 matrimonium,
1301 3407 1393 3452 tamen
1503 3447 1504 3466 ,

328 3490 453 3548 Ludium
465 3492 618 3566 quemdam
629 3491 661 3550 iu
670 3493 828 3568 AEgyptum
838 3511 928 3566 usque
940 3503 1059 3568 sequuta
1070 3504 1127 3564 est3
1141 3503 1170 3550 et
1183 3491 1305 3553 insulam
1317 3489 1392 3546 Pha-

328 3604 397 3656 ron,
409 3585 468 3642 Nili
477 3584 591 3656 littora,
599 3586 777 3662 inclytasque
787 3605 866 3642 arces
879 3585 1012 3644 lustravit
1025 3585 1219 3654 Alexandriae,
1233 3583 1284 3640 ubi
1295 3599 1394 3658 regna·

329 3679 372 3736 vit
383 3681 488 3756 Lagus,
503 3679 567 3754 ipso
581 3681 701 3755 Canopo
715 3679 865 3739 libidinem
876 3678 1005 3754 portenti
1015 3678 1207 3746 simillimam,
1221 3687 1249 3734 et
1262 3691 1393 3733 romanos

329 3787 426 3830 mores
435 3772 655 3836 condemnante.
670 3774 722 3829 llla
729 3814 739 3846 ,
753 3773 856 3830 domus
868 3783 897 3830 et
908 3771 964 3830 viri
975 3782 1004 3828 et
1013 3771 1122 3828 sororis
1133 3769 1236 3836 oblita,
1250 3768 1322 3824 nibil
1334 3765 1393 3841 pie-

330 3863 396 3920 tatis
409 3876 439 3921 et
452 3862 542 3922 officii
556 3864 695 3922 concessit
711 3864 827 3938 patriae3
845 3876 932 3940 atque
951 3865 1086 3925 scelerata
1105 3865 1236 3940 lugentes
1256 3859 1346 3931 filios,
1365 3871 1390 3916 et

331 3957 412 4029 quod
429 3957 519 4032 magis
534 3957 691 4029 mirabere,
711 3957 843 4016 Paridem
863 3957 1071 4032 pantomimum
1087 3974 1119 4013 ac
1137 3955 1295 4030 spectacula
1314 3971 1390 4027 raquo

331 4047 428 4105 animo
443 4049 569 4125 reliquit.
590 4050 728 4120 Quamvis
743 4060 839 4108 antem
852 4050 884 4108 iu
896 4069 929 4110 rc
941 4049 1034 4125 ampla
1051 4059 1081 4106 et
1096 4059 1223 4123 paternae
1235 4047 1336 4105 domus
1346 4044 1392 4100 dc-

331 4138 404 4201 liciis
417 4140 535 4198 educata
547 4143 667 4217 luisset,
677 4163 710 4201 uc
726 4142 862 4212 mollibus
878 4143 910 4202 in
923 4141 1020 4215 manis,
1039 4159 1110 4218 quas
1124 4141 1213 4198 mnia
1226 4139 1329 4200 divites
1342 4156 1388 4195 or-
