3148 4990
450 491 455 500 ·
515 467 701 535 sirini
731 465 904 536 nnius.
1223 491 1245 556 9

165 577 338 652 Causidici
356 603 450 652 nova
465 607 569 678 quum
585 586 697 655 veniat
712 584 833 655 lectica
849 586 1038 674 Mathonis,

169 690 270 760 Plena
288 693 393 788 ipso?
409 709 485 790 post
501 695 593 766 hunc
609 697 722 792 magni
739 695 869 766 delator
884 699 999 784 amici,

171 803 215 870 Et
230 802 299 870 cito
317 818 479 898 rapturus
495 805 537 874 de
552 805 725 876 nobilitate
741 832 891 894 comesa,

173 912 454 1009 Quodsuperest,
467 940 567 1009 quem
575 919 685 985 Massa
693 917 913 1012 timet,quem
921 941 1061 988 munere
1069 915 1182 1012 palpat
1210 931 1244 987 35

174 1023 296 1108 Carus,
313 1038 349 1091 et
364 1049 384 1091 a
399 1024 533 1118 trepido
549 1023 711 1120 Thymele
728 1027 889 1095 submissa
903 1024 1051 1095 Latino?

174 1131 287 1219 Quum
304 1149 338 1202 te
354 1135 594 1222 submoveant,
610 1135 668 1230 qui
684 1149 884 1204 testamenta
899 1149 1074 1204 merentur

174 1242 358 1330 Noctibus,
376 1244 413 1312 in
430 1244 552 1314 coelum
569 1269 653 1339 quos
670 1244 783 1313 evehit
798 1245 928 1339 optima
944 1246 1067 1314 summi

174 1353 276 1422 Nunc
292 1352 347 1420 via
362 1379 555 1448 processus,
573 1353 693 1424 vetulae
709 1356 822 1425 vesica
837 1353 966 1425 beatael

174 1461 353 1532 Unciolam
370 1464 568 1534 Proculeius
585 1464 705 1552 habet,
721 1463 779 1536 sed
795 1465 887 1536 Gillo
903 1467 1087 1552 deuncem,
1210 1487 1244 1545 so

174 1572 289 1642 Partes
305 1575 447 1668 quisque
463 1597 555 1661 suas,
572 1574 613 1644 ad
629 1599 822 1644 mensuram
839 1575 987 1670 inguinis
1003 1575 1111 1644 heres.

174 1682 326 1776 Accipiat
341 1707 420 1752 sane
435 1682 625 1752 mercedem
641 1684 831 1778 sanguinis,
847 1699 882 1753 et
897 1683 945 1754 sic

173 1793 315 1881 Palleat,
332 1811 370 1864 ut
385 1796 486 1865 nudis
502 1797 625 1891 pressit
640 1797 698 1890 qui
715 1795 860 1866 calcibus
876 1820 1040 1891 anguem,

173 1907 241 1971 hut
256 1902 518 1998 Lugdunensem
536 1906 654 1974 rhetor
670 1906 824 1976 dicturus
840 1907 882 1974 ad
897 1929 999 1974 aram.

219 2012 315 2100 Quid
332 2012 491 2100 referam,
507 2030 633 2109 quanta
648 2017 776 2086 siccum
789 2016 888 2108 jecur
903 2014 1019 2084 ardeat
1034 2015 1101 2098 ira,
1206 2027 1241 2090 ss

173 2119 287 2210 Quum
303 2119 467 2218 populum
484 2124 644 2220 gregibus
661 2125 821 2194 comitum
838 2125 961 2220 premit
976 2125 1032 2194 hic
1047 2121 1207 2220 spoliator

173 2231 297 2326 Pupilli
313 2231 519 2326 prostantis?
533 2247 569 2302 et
583 2233 642 2304 hic
659 2232 834 2303 damnatus
850 2233 942 2303 inani

171 2449 268 2507 auimo
280 2469 363 2527 equo
378 2452 473 2510 temti
492 2454 557 2530 quis
576 2465 634 2512 tam
647 2458 741 2516 omnis
758 2473 856 2516 sensus
874 2469 991 2531 expers,
1011 2463 1046 2510 nt
1059 2453 1164 2529 stylum
1180 2469 1242 2507 non

173 2543 320 2617 θηκῶῑ,
335 2565 425 2621 quum
436 2547 603 2604 Mathonem
616 2547 798 2608 Camidicum
809 2551 902 2608 cernit
914 2551 945 2605 in
960 2547 1083 2624 eleganti
1094 2557 1123 2604 et
1134 2545 1242 2603 recenti

172 2636 271 2692 lectica
285 2639 461 2711 procedere,
483 2640 524 2696 ita
545 2642 665 2698 obesum
685 2653 714 2699 et
730 2644 827 2718 sagina
841 2643 1011 2710 distentum,
1033 2651 1067 2696 ut
1087 2657 1149 2697 earn
1164 2640 1242 2696 solus

170 2726 307 2802 impleat?
318 2749 409 2804 quum
422 2732 510 2805 paulo
524 2743 592 2807 post
604 2733 701 2790 subire
714 2734 795 2790 videt
810 2733 950 2791 famosum
970 2732 1052 2788 illum
1067 2731 1255 2798 delatorem,

170 2818 221 2892 qni
240 2838 295 2876 suo
311 2822 419 2892 amico,
439 2822 505 2879 viro
524 2823 700 2895 clarissimo,
726 2826 847 2882 exitium
862 2836 905 2882 est
925 2824 1115 2891 machinatum
1134 2822 1243 2896 quique

170 2909 253 2966 brevi
272 2912 395 2988 reliquas
414 2914 556 2971 nobilium
578 2935 595 2971 a
614 2935 644 2972 se
662 2918 852 2991 spoliatorum
872 2916 988 2974 murias
1004 2915 1138 2989 diripiet;
1155 2931 1242 2987 quem

171 3003 282 3061 bebius
294 3007 386 3062 Massa
397 3007 551 3078 fonuidat3
566 3027 651 3082 quem
666 3009 788 3066 delinire
803 3009 970 3066 muneribus
983 3007 1074 3064 missis
1087 3015 1178 3062 tentat
1192 3007 1243 3061 Ca·

170 3115 235 3167 rus;
249 3099 287 3154 ad
296 3117 381 3174 quem
391 3101 564 3175 placandum
575 3101 692 3158 Latinus
704 3101 759 3158 sibi
770 3105 843 3159 male
856 3112 985 3160 metuens
994 3119 1074 3159 suam
1085 3099 1243 3175 Tbymelen

170 3189 242 3245 clam
259 3190 380 3266 allegat?
398 3209 488 3265 quum
509 3203 538 3249 te
552 3191 628 3266 justa
647 3194 806 3251 hereditate
825 3194 988 3269 depellunt,
1007 3192 1058 3267 (sui
1076 3200 1243 3248 testamenta

170 3281 370 3357 adipiscuntur
382 3285 521 3341 nocturni
538 3285 631 3343 coitus
646 3286 760 3356 lubore3
784 3306 857 3362 quos
875 3287 912 3343 ad
927 3287 1029 3344 coelurn
1045 3284 1141 3341 evehit
1153 3282 1242 3353 illud,

171 3375 252 3450 quod
273 3393 350 3432 nnuc
371 3389 415 3434 est
433 3377 543 3452 optimu
563 3387 592 3434 et
614 3377 779 3434 brevissima
798 3379 845 3434 via
865 3378 903 3434 ad
921 3396 1060 3435 summam
1079 3377 1243 3445 fortunam,

170 3487 274 3544 nempe
285 3487 393 3544 procax
408 3481 437 3527 et
448 3471 540 3546 turpis
550 3471 640 3528 ardor
650 3470 768 3528 anicula
781 3471 898 3528 divitis?
910 3472 1068 3546 stuprator
1078 3467 1243 3525 Proculeius

169 3563 256 3618 babet
267 3561 468 3618 duodecimam
478 3563 646 3620 hereditatis
657 3572 782 3636 parterm
794 3563 845 3620 sed
854 3561 1038 3620 libidinosior
1049 3561 1128 3616 Gillo
1139 3571 1168 3616 et
1178 3577 1244 3616 ner-

170 3652 271 3709 vosior
282 3653 418 3710 undecim
432 3654 556 3729 reliquas
569 3654 718 3729 portiones
732 3653 858 3722 obtinet,
879 3655 999 3728 quisque
1017 3651 1092 3709 euim
1113 3649 1193 3706 venit
1211 3647 1243 3704 in

170 3755 281 3819 partem
295 3745 469 3802 baereditatis
484 3747 521 3806 ad
535 3765 699 3803 mensuram
710 3755 739 3802 et
750 3743 810 3800 rim
824 3745 869 3801 sui
883 3744 1028 3821 inguinis:
1045 3739 1164 3816 accipiat
1176 3757 1243 3797 sane

170 3833 296 3908 pretium
312 3835 472 3912 sanguinis,
488 3855 548 3911 qno
563 3837 701 3894 exhausto
716 3834 766 3892 fiet
781 3836 918 3910 pallidus,
936 3847 970 3891 ut
985 3834 1036 3911 qni
1053 3832 1173 3889 calcarit
1188 3851 1242 3910 an-

172 3943 257 3999 guent
272 3925 346 4000 pede
361 3926 458 3997 nudo,
476 3938 527 3984 ant
539 3939 572 3984 ut
586 3930 687 3986 rhetor
701 3927 830 3985 dicturus
843 3928 880 3984 ad
896 3945 973 3982 aram
988 3923 1132 4001 Lugduni.

214 4016 260 4086 45.
275 4019 356 4088 Quid
368 4019 479 4090 dicam,
495 4033 600 4096 quanta
618 4031 733 4079 estuem
749 4019 913 4088 iracundia3
927 4037 1013 4092 quam
1028 4018 1155 4094 graviter
1170 4015 1242 4072 mihi

171 4109 257 4167 bilem
269 4123 298 4170 et
308 4114 491 4170 stomachum
503 4114 675 4172 moveathie
685 4123 786 4184 tutor,
796 4113 847 4188 qui
858 4111 999 4188 pupillum
1010 4111 1135 4168 fortunis
1145 4111 1239 4178 exuit,

172 4221 294 4280 eumque
302 4208 434 4264 scudem
448 4207 479 4263 in
489 4205 555 4266 loro
566 4219 697 4281 prostare
708 4207 816 4284 coegit,
827 4207 895 4264 dum
907 4206 967 4284 ipse
982 4225 1083 4284 magna
1094 4205 1240 4264 clientium
