3148 4990
575 443 837 519 ANALYSIS.
1092 491 1106 505 κ
1219 454 1237 518 5

160 578 243 616 sunm
253 563 394 620 statuerit
405 585 412 620 ε
426 566 577 642 utriusque
588 577 685 624 autem
695 566 807 623 consilii
818 577 876 622 tarn
887 567 996 642 lepidas
1005 567 1089 625 allert
1100 567 1239 635 rationes,

162 663 195 708 ut
204 653 251 710 rel
263 656 374 712 Catoni
389 656 481 714 risum
493 651 610 716 morere
625 659 794 734 potuissent.
808 657 888 716 Nihil
900 679 1015 736 qaoque
1026 660 1144 717 facetius
1154 659 1240 717 simul

164 756 192 802 ct
201 746 365 806 modestius
377 760 421 806 est
429 749 542 824 judicio
554 751 622 822 illo,
640 752 721 827 qnod
732 753 769 809 de
781 751 915 808 facultate
925 771 975 809 sua
984 754 1097 828 poetica
1111 753 1172 828 ipsc
1183 754 1240 810 fert

166 855 192 892 r.
207 857 257 909 ι7,
273 841 325 912 18,
337 861 391 916 79,
404 843 458 913 803
471 843 547 899 nibil
554 843 647 919 aptius
658 844 864 920 venustiusque
876 845 988 920 pictura
1000 846 1181 921 perditorum
1196 865 1239 903 sc

167 929 224 985 culi
236 931 282 987 sui
296 953 430 1005 morum,
441 947 471 992 et
482 936 671 992 conversione
683 936 720 992 ad
731 937 787 994 hoe
801 937 971 1011 primarium
987 937 1106 994 satirica
1119 957 1239 1014 poeseos

167 1037 389 1098 argumentum,
408 1027 456 1083 cni
471 1027 596 1102 proinde
612 1027 719 1084 diutius
736 1028 907 1086 immoratur
921 1051 949 1086 v.
966 1031 1118 1100 22-1463
1133 1031 1239 1105 quibus

167 1115 290 1189 plurima
305 1118 423 1176 illorum
440 1131 603 1196 temporum
617 1121 688 1178 vitia
702 1141 761 1179 non
775 1120 836 1178 sine
848 1122 966 1178 urbanis
977 1124 1083 1180 salibus
1095 1133 1236 1179 recenset:

168 1210 375 1283 :spadonibus
390 1213 500 1272 scilicet
513 1233 619 1271 uxores
633 1214 717 1281 duci,
740 1235 768 1270 v.
789 1233 843 1286 ²²3
864 1216 998 1272 mulieres
1014 1215 1188 1273 descendere
1208 1214 1239 1271 in

167 1319 297 1373 arenam,
309 1325 337 1359 v.
348 1323 402 1375 aa,
413 1307 468 1376 23;
479 1326 496 1361 a
507 1306 678 1381 quibusdam
690 1307 894 1374 libertinorum
908 1307 1037 1382 quemvis
1051 1305 1240 1382 patriciorum

168 1392 276 1450 divitiis
299 1416 332 1453 ac
350 1398 471 1455 mollitie
491 1400 637 1474 superari,
659 1421 688 1456 v.
708 1407 843 1476 al-a93
866 1400 1024 1457 causidicos
1045 1398 1239 1456 delationibus

168 1502 237 1559 opes
251 1487 310 1543 sibi
323 1508 441 1564 parare,
457 1503 486 1548 et
501 1492 614 1548 luxurie
629 1491 775 1562 diffluere,
790 1511 819 1546 v.
835 1491 890 1561 32,
907 1491 962 1562 333
980 1491 1122 1548 delatores
1135 1489 1239 1565 opibus

168 1595 274 1636 exuere
287 1581 497 1640 nobilissimum
509 1603 668 1660 quemque,
684 1597 713 1642 et
725 1603 782 1641 ase
795 1582 920 1640 invicem
932 1582 1043 1653 timeri,
1057 1603 1086 1638 v.
1101 1581 1239 1651 33-36;

168 1670 315 1729 adulteros
331 1673 393 1730 lieri
406 1676 534 1734 haeredes
549 1679 741 1749 marcharum,
761 1698 789 1733 v.
806 1677 923 1746 37-44
936 1696 944 1745 3
968 1675 1092 1750 pupillos
1113 1673 1240 1729 fortunis

169 1781 184 1816 a
200 1765 346 1822 tutoribus
363 1767 496 1841 spoliari,
513 1789 541 1826 v.
557 1767 692 1842 45-47,
712 1769 936 1845 repetundarum
953 1786 1017 1824 reos
1032 1767 1239 1840 damnatosque

168 1856 321 1912 maximam
338 1858 463 1916 retinere
478 1871 588 1935 partem
611 1862 753 1937 pecunie,
774 1881 790 1916 a
810 1859 1036 1938 provincialibus
1054 1877 1107 1934 per
1125 1857 1185 1914 rim
1205 1875 1238 1914 ac

166 1947 298 2006 fraudem
315 1964 437 2022 erasm,
454 1964 484 2011 et
498 1955 529 2010 in
544 1955 645 2012 exsilio
660 1956 781 2026 lautius,
803 1973 890 2031 quam
905 1965 1005 2024 antea,
1024 1951 1109 2030 genio
1123 1972 1176 2008 suo
1192 1951 1238 2007 in-

168 2039 304 2116 dulgere,
320 2062 348 2098 v.
365 2043 497 2115 47—503
514 2047 632 2104 maritos
649 2047 728 2121 ipsos
744 2049 881 2104 lenonum
902 2057 998 2121 partes
1016 2064 1117 2122 agere,
1132 2055 1165 2098 ut
1183 2043 1237 2100 bo-

168 2152 275 2190 norum
294 2137 398 2193 moecbi
415 2139 542 2196 haeredes
558 2159 593 2196 ex
608 2159 668 2196 asse
685 2139 770 2206 liant,
788 2159 817 2194 v.
836 2137 971 2210 55-57;
987 2138 1118 2194 homines
1133 2134 1238 2191 infimae

169 2227 271 2296 sortis,
293 2227 344 2302 qui
359 2227 565 2303 patrimonium
585 2231 666 2305 equis
680 2231 790 2287 alendis
805 2230 1042 2306 dilapidaverint,
1057 2228 1238 2307 praetorianis

169 2319 337 2377 cohortibus
359 2320 484 2397 praefici,
504 2343 533 2378 v.
554 2321 690 2393 58-623
713 2323 798 2386 falsos
821 2332 1058 2380 testamentorum
1078 2321 1238 2397 signatores

169 2410 349 2468 hammum
365 2412 517 2482 invadere,
535 2423 564 2470 et
576 2433 636 2470 nou
647 2415 743 2471 minus
760 2411 927 2492 magnificos
940 2433 1027 2489 quam
1041 2413 1143 2470 molles
1159 2431 1238 2483 esse,

170 2523 198 2558 v.
217 2503 351 2574 63-683
364 2503 483 2562 maritos
500 2505 537 2562 ab
553 2507 694 2564 uxoribus
711 2525 825 2565 veneno
843 2506 956 2576 necari,
976 2527 1005 2562 v.
1021 2506 1156 2582 69-7a;
1177 2523 1239 2560 sce-

169 2595 353 2652 leratissimos
375 2596 507 2653 homines
530 2598 669 2674 dignitate
695 2609 724 2655 et
745 2598 835 2673 copiis
858 2598 1015 2669 excellere,
1043 2617 1072 2652 v.
1099 2595 1216 2667 73-76
1230 2615 1238 2665 3

170 2705 261 2744 nurus
279 2709 295 2744 a
312 2688 418 2745 soceris
431 2689 544 2762 vitiari,
562 2701 591 2746 et
602 2708 723 2766 pueros,
735 2693 782 2747 vel
793 2689 862 2746 viris
871 2691 997 2762 nubere,
1009 2690 1057 2746 vel
1065 2687 1237 2756 adulterari,

169 2799 198 2836 r.
216 2799 270 2852 77,
286 2780 342 2852 787
358 2800 516 2856 numquam
530 2782 669 2856 majorem
680 2781 804 2858 viguisse
819 2781 982 2852 avaritiam,
997 2800 1049 2838 nec
1066 2779 1239 2866 insaniorem

169 2873 236 2928 aleo
250 2873 362 2944 lusum,
382 2892 411 2928 v.
429 2873 562 2948 87—93;
581 2875 678 2948 plures
698 2871 750 2930 nni
765 2871 878 2929 homini
894 2890 953 2929 esse
971 2871 1069 2941 villas,
1087 2881 1117 2927 et
1136 2869 1239 2927 divites

169 2962 306 3038 privatim
322 2961 452 3022 saliarem
470 2963 502 3020 in
519 2965 639 3022 modum
656 2965 784 3039 epulari,
803 2963 976 3039 pauperibus
996 2975 1066 3020 'aero
1087 2961 1239 3019 clientibus

169 3066 240 3112 ante
255 3056 331 3112 iores
343 3055 448 3112 edium
467 3057 611 3132 sportulas
631 3055 755 3131 apponi,
774 3075 802 3111 v.
822 3063 954 3130 94-99;
975 3073 1101 3112 summos
1122 3073 1240 3130 quoque

170 3147 351 3224 magistratus
369 3159 428 3204 tam
448 3149 584 3206 sordidos
601 3167 680 3219 esse,
701 3159 735 3204 ut
753 3165 802 3204 eos
815 3166 875 3206 nou
888 3147 996 3224 pudeat
1014 3167 1071 3204 una
1085 3165 1150 3204 cum
1163 3164 1239 3204 uxo-

171 3241 268 3310 ribus,
284 3241 330 3297 vel
342 3259 442 3298 earum
455 3240 572 3297 nourirre
585 3241 727 3315 sportulas
741 3251 854 3316 petere,
870 3251 898 3297 et
911 3239 1098 3314 contemptim
1112 3240 1148 3295 ab
1163 3258 1239 3314 opu-

170 3333 255 3390 lentis
276 3334 409 3405 tractari,
427 3353 456 3388 v.
475 3332 629 3409 99-1313
650 3344 761 3390 veteres
776 3333 882 3390 amicos
904 3350 1100 3409 pauperesque
1112 3331 1240 3390 clientes

171 3445 233 3482 uon
243 3426 364 3502 amplius
376 3425 413 3482 ad
425 3435 531 3480 rectam
544 3423 644 3480 vocari
659 3437 783 3496 umam,
796 3425 847 3482 sed
859 3424 978 3482 ditiores
991 3425 1068 3482 solos
1081 3424 1162 3481 domi
1177 3425 1240 3480 lau-

172 3517 287 3575 tissimis
300 3517 391 3593 epulis
408 3516 564 3592 abligurire
577 3514 707 3573 fortunas
722 3535 801 3582 suas,
820 3526 849 3571 et
863 3533 1081 3590 nonnumquam
1097 3513 1240 3572 cruditate

172 3611 266 3681 mori,
280 3630 310 3666 v.
327 3609 492 3677 raa—146.
515 3609 590 3664 lluic
607 3607 704 3683 itaque
724 3608 816 3665 satirae
831 3608 855 3664 si
871 3609 1025 3666 secundam
1040 3607 1240 3683 potissimum,

173 3702 303 3770 tertiam,
319 3710 487 3774 sextamque
500 3697 680 3772 adjunxeris,
694 3699 996 3758 consummatissimam
1010 3698 1130 3756 habebis
1146 3699 1240 3774 pictu-

174 3813 235 3852 ram
246 3803 453 3868 corruptorum
466 3791 543 3846 illius
556 3791 609 3846 aevi
622 3810 746 3848 morum.

214 3889 317 3943 Porma
329 3883 470 3942 omtionis
480 3901 554 3958 saepe
564 3883 690 3940 oratoria
700 3883 790 3960 magis
802 3901 887 3958 quam
899 3884 1012 3959 poetica
1025 3881 1119 3939 videri
1131 3893 1241 3957 potest;

174 3979 226 4036 sed
237 3978 455 4055 permaximam
468 3976 601 4034 carminis
612 3987 724 4051 partem
735 3988 837 4052 regnat
850 3993 986 4050 maguum
999 3971 1094 4036 πάθας
1109 3986 1138 4031 et
1157 3993 1243 4051 gene·

175 4089 238 4130 rosa
254 4069 435 4148 indignatio,
457 4087 511 4144 qua
532 4086 636 4144 pravos
653 4068 737 4143 bujus
753 4067 842 4124 aetatis
857 4085 953 4124 mores
972 4066 1127 4124 insectatur
1148 4078 1241 4140 poeta.

177 4163 316 4221 Ceterum
333 4161 452 4219 satiram
471 4161 544 4216 hanc
560 4177 620 4217 esse
636 4159 758 4234 primam
771 4159 922 4230 omnium,
945 4178 1015 4235 quas
1034 4158 1196 4230 luvenalis,
1218 4156 1243 4214 si
