3148 4990
352 425 393 510 78
641 417 843 485 suumn:
872 417 1126 486 succuum

349 537 551 610 incorruptum
566 533 638 590 nihil
654 534 783 590 accidere
798 543 911 608 poterat
929 532 1153 604 intolerabilius,
1173 533 1303 608 nihilque
1323 533 1419 592 acrius

349 627 575 704 indignationem
596 645 731 694 movere,
753 644 839 700 quam
865 626 945 699 quod
967 638 1123 702 tyrannus,
1143 626 1193 700 qui
1212 626 1307 681 bellua
1328 639 1420 698 esset,

349 738 410 776 uon
426 720 530 789 homo,
550 728 579 773 et
597 717 634 772 ad
653 735 743 792 genus
761 735 848 773 omne
868 715 968 793 flagitii
991 717 1234 793 turpitudinisque
1254 727 1338 772 uatus
1360 735 1422 774 esse

349 813 514 880 videretur,
534 811 603 868 dum
623 810 753 884 quotidie
772 811 831 885 ipse
852 809 993 866 dirissima
1013 825 1129 865 summae
1147 809 1269 864 infamiae
1289 811 1422 884 exempla

348 907 489 980 praeberet
498 947 505 974 ,
513 904 597 960 simul
607 914 702 958 nmen
711 919 826 959 severus
837 903 953 959 virtutis
962 904 1079 974 vindex,
1089 923 1120 959 ac
1131 921 1244 958 morum
1254 921 1307 977 per
1315 904 1419 959 orbem

347 1007 497 1054 corrector
511 995 718 1068 restitutorque
731 995 825 1052 videri
833 997 928 1052 vellet.
943 997 1045 1052 Adhuc
1057 996 1094 1052 ab
1106 999 1237 1072 Augusto
1249 996 1317 1052 iude
1329 995 1421 1070 impe-

245 1097 250 1106 '
347 1101 472 1158 ratores,
497 1089 564 1144 licet
581 1087 699 1161 reliquis
718 1088 748 1143 in
764 1107 794 1144 se
813 1089 955 1144 translatis
975 1089 1156 1170 muneribus,
1174 1099 1268 1143 tamen
1287 1089 1422 1163 plerique

349 1183 522 1250 Censorem,
533 1179 663 1236 omnium
675 1181 821 1238 honorum
832 1182 918 1256 longe
929 1179 1102 1249 maximum,
1114 1176 1220 1256 nepopis
1229 1185 1305 1254 τιμῖς
1313 1177 1423 1246 ἰτέης

346 1273 391 1334 καὶ
406 1269 536 1348 nemrim
551 1268 734 1347 inmundum,
753 1285 787 1328 ut
801 1274 871 1329 dicit
887 1275 962 1330 Plut.
982 1275 1042 1330 Cat.
1059 1273 1124 1346 maj.
1146 1291 1171 1327 c.
1192 1275 1244 1342 16,
1266 1275 1423 1329 noluerant

346 1368 444 1423 saltem
461 1364 595 1435 nomine,
614 1365 694 1440 qnod
711 1376 783 1422 esset
806 1366 997 1434 invidiosum,
1015 1383 1170 1439 usurpare,
1193 1376 1221 1420 et
1238 1365 1368 1438 quamvis
1386 1383 1422 1420 re

345 1459 481 1514 habentes
496 1467 666 1532 potestatem
684 1457 868 1526 Censorium,
884 1477 944 1513 non
964 1468 1059 1514 tamen
1074 1458 1166 1513 verbo
1183 1457 1240 1512 dici
1257 1457 1422 1531 jactarique

347 1551 494 1607 Censores.
511 1550 585 1606 Vide
609 1549 720 1605 Fabric.
738 1550 775 1605 ad
794 1549 881 1604 Dion.
905 1569 933 1624 p.
959 1557 1034 1620 714,
1056 1552 1074 1604 l.
1092 1550 1146 1620 85,
1171 1561 1199 1605 et
1218 1551 1309 1606 multo
1328 1551 1422 1626 magis

346 1641 498 1716 Spanhem.
513 1641 550 1696 de
561 1661 606 1715 pr.
624 1652 653 1696 et
666 1661 720 1696 usu
735 1659 815 1696 num.
831 1642 896 1696 Vol.
913 1643 960 1710 ll,
976 1661 1005 1715 p.
1021 1649 1076 1712 47²
1094 1661 1152 1715 seq.
1169 1641 1215 1698 ed.
1228 1642 1320 1698 Lond.
1331 1644 1420 1698 Nunc

345 1753 416 1790 vero
431 1733 556 1807 denique
572 1733 754 1789 Domitianus
770 1733 897 1788 surrexit
915 1731 1023 1788 Censor
1036 1735 1210 1807 Perpetuus,
1226 1743 1254 1789 et
1271 1735 1422 1791 Censoriae

346 1827 503 1882 Potestatis
520 1825 784 1900 impudentissimus
803 1835 976 1896 ostentator3
1000 1823 1086 1898 idque
1106 1825 1229 1880 maxime
1244 1825 1280 1882 ab
1293 1845 1318 1881 a.
1335 1827 1374 1882 U.
1391 1845 1420 1881 c.

346 1916 815 1993 838,postC.N.85,v.Dion.p.
827 1917 964 1988 7rl,l.8l.
976 1935 1035 1989 seq.
1047 1916 1188 1972 etiterum
1198 1915 1420 1990 p.rrol‚,l.19,

345 2007 449 2086 repellis
459 2007 492 2069 di
507 2005 554 2070 disi
565 2008 621 2080 βίον
637 2014 737 2088 πρῆσε
751 2007 786 2076 dri
803 2005 847 2068 nai
861 2006 960 2082 lisinis
976 2007 1020 2065 ui
1036 2009 1213 2087 eilsmdls'pur
1231 2011 1420 2084 ι’χιιροῖοιέθη,

345 2113 466 2178 propter
481 2121 587 2157 annum
603 2114 715 2172 nutem,
732 2113 830 2158 notata
846 2121 881 2157 cx
896 2100 991 2156 numis
1005 2099 1075 2155 ibid.
1094 2101 1112 2155 l.
1134 2103 1188 2171 ιδ,
1209 2101 1259 2157 sed
1273 2100 1420 2175 praecipue

345 2195 420 2251 dere
429 2205 489 2250 tota
499 2195 651 2268 spanhem.
664 2213 692 2268 p.
707 2195 773 2264 478.
787 2193 841 2249 Hic
851 2192 939 2268 igitur
948 2209 1041 2247 novus
1052 2201 1137 2265 atque
1148 2193 1267 2248 eximius
1276 2201 1421 2267 promptae

343 2285 502 2341 adulationi
518 2286 598 2340 locus
613 2285 747 2341 inventus
761 2295 837 2354 erat,
852 2296 894 2355 et,
909 2303 993 2358 quem
1011 2293 1087 2340 totus
1105 2285 1183 2340 orbis
1198 2284 1421 2341 exhorrescebant

344 2395 410 2433 eum
420 2375 504 2431 multi
514 2387 657 2431 concentu
666 2377 833 2431 suavissimo
844 2377 1060 2432 consalutabant
1074 2377 1227 2432 Censorem
1237 2377 1400 2432 inanimum
1410 2418 1420 2445 ,

347 2471 500 2527 Censorem
516 2470 746 2537 sanctissimum,-
768 2469 856 2542 inque
878 2468 922 2530 hit
942 2467 1136 2536 Quintilianus
1159 2470 1218 2538 lv,
1240 2471 1362 2525 Prooem.
1380 2471 1421 2539 3;

343 2581 429 2636 quern
444 2573 539 2616 tamen
550 2561 625 2615 belle
640 2571 755 2616 excusat
769 2559 845 2616 mitis
859 2559 997 2633 sapientia
1011 2561 1150 2617 Gesneri:
1166 2583 1178 2610 t
1192 2561 1419 2618 Concedendurn

343 2665 401 2723 est,
417 2652 528 2727 inquit,
546 2651 658 2706 homini
673 2651 819 2707 beneficiis
833 2664 862 2707 et
876 2664 955 2708 metu
971 2653 1118 2709 devincto.
1134 2677 1147 2704 s
1163 2653 1418 2722 Quemadmodum

283 2789 286 2800 .
342 2759 437 2804 autem
449 2747 504 2802 illis
512 2746 642 2802 versibus
652 2747 711 2800 haec
719 2745 842 2801 maxime
853 2746 963 2819 petitur
977 2747 1221 2820 contemptissima
1233 2747 1262 2802 in
1274 2748 1322 2802 tali
1334 2748 1419 2803 Prin-

343 2841 406 2915 cipe
423 2838 567 2895 Censoriae
580 2837 724 2893 simulatio
741 2836 914 2905 severitatis,
928 2855 1080 2911 perquam
1096 2838 1159 2894 latae
1172 2851 1271 2895 contra
1282 2838 1420 2896 libidines

343 2933 435 3007 leges,
451 2951 483 2986 nc
497 2947 591 3004 nuper
606 2929 783 2984 ambitiosius
797 2929 951 2997 revocatae,
968 2946 1099 3005 magnam
1113 2929 1290 3002 judiciorum
1303 2942 1332 2987 et
1345 2951 1419 2987 con-

342 3024 560 3079 demnationum
577 3022 766 3096 frequentiam
783 3022 912 3095 praebere
927 3035 1087 3098 coeperant,
1104 3024 1161 3095 ita,
1178 3025 1231 3080 uisi
1249 3045 1302 3080 nos
1317 3039 1416 3082 nostra

342 3119 426 3191 plane
442 3117 514 3171 saliit
530 3115 644 3189 opinio,
666 3135 701 3170 ex
717 3135 749 3170 ca
769 3128 799 3170 rc
819 3116 879 3189 ipsa
901 3117 1082 3189 potissimum
1104 3129 1146 3173 est
1164 3129 1252 3173 tracta
1272 3117 1356 3189 hujus
1373 3120 1418 3174 vis

343 3207 437 3263 omnis
452 3227 485 3263 ac
499 3206 617 3262 materia
631 3204 731 3262 satirae.
747 3206 883 3261 Exstabat
899 3207 1007 3263 scilicet
1023 3210 1131 3264 clarum
1147 3209 1310 3282 exemplum
1329 3209 1416 3264 Prin—

344 3299 428 3374 cipis,
439 3298 501 3373 qui,
516 3298 650 3354 Censoris
662 3297 747 3354 titulo
760 3297 971 3372 inperpetuum
983 3309 1112 3374 sumpto,
1126 3301 1215 3370 niodo
1229 3301 1344 3357 fortiter
1353 3321 1417 3358 cor-

342 3391 499 3448 rectionem
521 3409 637 3446 morum
658 3390 892 3466 flagitiorumque
911 3393 1115 3448 coercitionem
1134 3405 1313 3468 susceperat3
1335 3394 1413 3453 conf.

341 3485 419 3541 Suet.
438 3486 523 3538 Dom.
547 3502 571 3538 o.
593 3483 629 3538 8:
647 3483 728 3557 quod
744 3483 860 3556 quidem
880 3486 1041 3557 exemplum
1059 3495 1119 3540 tum
1138 3485 1220 3541 facile
1237 3486 1335 3554 multi,
1353 3505 1415 3560 quo

340 3577 405 3650 plus
418 3575 472 3650 ipsi
488 3585 581 3631 essent
595 3575 714 3648 perditis
731 3575 877 3644 moribus,
896 3593 931 3630 eo
945 3577 1037 3630 acrius
1051 3575 1304 3650 vehementiusque
1318 3576 1414 3631 imita—

340 3669 462 3738 bantur3
486 3680 515 3725 et
535 3687 603 3723 mox
630 3669 758 3724 certatim
781 3668 927 3742 personati
949 3671 1086 3740 Catones,
1111 3671 1250 3746 Principis
1272 3672 1412 3727 coelestem

340 3762 539 3819 auctoritatem
554 3761 699 3838 (caelestia
706 3762 824 3832 judicia
841 3763 976 3837 praedicat
993 3765 1115 3833 Quintil.
1132 3766 1151 3820 l.
1166 3767 1207 3842 c.)
1219 3767 1410 3840 Dominique,

339 3855 516 3911 sanctissimi
533 3855 667 3910 Censoris
683 3854 835 3923 videlicet,
855 3855 985 3912 divinum
1006 3859 1168 3931 exemplum
1191 3871 1339 3929 testantes,
1356 3859 1411 3934 ipsi

340 3947 424 4002 etiam
440 3950 523 4003 vultu
539 3957 567 4003 et
582 3947 697 4021 loquela
711 3947 878 4003 Censorium
890 3949 1058 4024 gravitatem
1070 3952 1256 4021 mentientes,
1271 3952 1366 4008 forum
1382 3964 1412 4008 et

337 4035 444 4108 judicia
460 4041 654 4114 occupabant,
670 4050 704 4095 ut
720 4059 754 4094 ex
768 4041 831 4116 lege
845 4041 919 4097 Julia
936 4043 1058 4099 maxime
1078 4044 1231 4100 mulierum
1247 4045 1364 4100 crimina
1380 4057 1412 4101 ct

339 4128 479 4186 adulteria
494 4131 616 4205 publicis
631 4133 858 4190 assumtionibus
871 4147 1121 4210 persequerentur.
1137 4138 1210 4194 Sane
1224 4136 1282 4209 jam
1298 4138 1410 4194 dudum
