3056 4984
337 383 403 476 ³7⁶
609 334 1134 455 o.suu11iuvauanrs

336 504 588 572 Testamentum
603 499 740 594 ingens,
754 497 868 570 calidas
883 499 1043 593 pulmone
1057 501 1222 572 columbe

336 612 509 696 Tractato,
524 609 692 679 armenius
707 606 759 676 vel
774 631 1011 702 commagenes
1024 611 1210 706 haruspex;
1355 627 1403 682 550

335 724 477 790 Pectora
490 719 660 816 pullorum
675 720 830 806 rimatur,
844 735 878 789 et
892 734 967 788 exta
981 719 1106 806 catelli,

333 829 510 899 Interdum
525 843 558 898 et
574 827 670 924 pueri
687 855 695 898 :
711 827 827 914 faciet,
841 827 933 921 quod
945 827 1076 898 deserat
1089 829 1171 923 ipse.
1195 893 1199 902 ,

382 938 549 1009 Chatdaeis
562 937 620 1006 sed
634 938 742 1032 major
756 938 820 1006 erit
834 935 956 1006 fiducia
972 937 1161 1033 :quidquid

333 1048 467 1118 Dixerit
479 1047 683 1142 astrologus,
697 1045 839 1116 credent
850 1071 870 1114 a
883 1044 978 1116 fonte
993 1046 1134 1118 relatum

334 1159 549 1246 Hammonis,
565 1159 723 1254 quoniam
737 1154 881 1251 Delphis
895 1157 1029 1227 oracula
1043 1171 1192 1246 cessant,
1355 1173 1401 1228 555
1516 1213 1517 1220 1

332 1272 377 1338 Et
390 1291 495 1362 genus
509 1268 693 1336 humanum
709 1266 845 1336 damnat
859 1264 964 1361 caligo
979 1265 1096 1336 futuri.

332 1378 525 1473 Praecipuus
539 1392 653 1446 tamen
667 1392 717 1446 est
730 1377 871 1462 horum,
885 1377 945 1472 qui
960 1377 1080 1471 saepius
1093 1376 1206 1466 exsul,

333 1488 439 1580 Cujus
452 1486 595 1556 amicitia
609 1485 897 1580 conducendaque
911 1486 1032 1556 tabella

334 1597 479 1688 Magnus
494 1594 575 1664 civis
589 1591 678 1680 obit,
692 1609 726 1663 et
739 1592 939 1664 formidatus
954 1595 1095 1664 Othoni.

229 1711 238 1780 j
334 1705 419 1774 Inde
434 1705 516 1774 fides
531 1705 612 1786 arti,
627 1703 743 1773 sonuit
757 1704 783 1772 si
798 1704 935 1775 dextera
950 1703 1042 1774 ferro
1351 1720 1398 1774 ⁵60

328 1813 517 1909 Laevaque,
532 1815 558 1883 si
573 1812 675 1908 longo
690 1828 874 1882 castrorum
888 1813 924 1880 in
938 1837 1072 1883 carcere
1086 1814 1219 1884 mansit.

333 1924 445 1992 Nemo
460 1922 715 1993 mathematicus
730 1921 867 2018 genium
884 1921 1098 1992 indemnatus
1113 1924 1274 1994 habebit:

333 2033 400 2103 Sed
413 2035 472 2128 qui
486 2058 581 2129 paene
596 2033 700 2128 perit,
714 2033 768 2103 cui
783 2033 838 2104 vin
851 2033 887 2102 in
901 2032 1047 2130 Cyclada
1060 2035 1147 2108 mitti

332 2295 419 2353 gene,
433 2287 586 2352 postquam
604 2279 770 2353 pulmonem
785 2278 924 2338 columba·
937 2297 1037 2337 recens
1050 2288 1179 2336 macutes
1192 2276 1398 2348 contrectavit,

331 2369 486 2444 pollicetur
502 2371 615 2445 optanti
631 2381 769 2430 matronae
787 2383 919 2451 tenerum
935 2383 963 2428 et
981 2370 1141 2428 formosum
1157 2380 1336 2439 amatorem,
1354 2368 1398 2426 vel

332 2459 430 2517 divitis
450 2460 607 2537 cujuspiam
627 2462 688 2522 sine
713 2463 811 2522 liberis
831 2462 976 2520 demortui
998 2462 1170 2520 luculentam
1188 2460 1396 2518 hereditatem:

331 2563 476 2609 scrutatur
495 2554 640 2628 pullorum
660 2565 741 2621 exta,
760 2565 791 2612 et
805 2554 925 2612 caniculi
939 2553 1064 2625 viscera,
1084 2571 1294 2627 nonnunquam
1313 2562 1341 2608 et
1355 2551 1398 2607 in·

331 2642 429 2712 fantis,
447 2662 532 2718 quem
545 2664 605 2700 non
616 2644 761 2702 dubitabit
771 2664 833 2702 eam
843 2647 884 2703 ob
898 2665 960 2704 mm
971 2645 1121 2716 occidere,
1142 2663 1175 2702 ac
1190 2645 1282 2701 scelus
1295 2643 1398 2700 admit·

331 2743 409 2803 tere,
424 2734 505 2808 cnjsss
517 2735 604 2791 alium
620 2735 805 2806 insimulabit.

372 2827 439 2884 553.
454 2832 493 2884 At
504 2827 642 2886 Chaldaeis
654 2830 740 2904 louge
752 2828 906 2887 maximam
918 2830 1029 2888 feminae
1039 2829 1177 2887 adhibent
1186 2827 1286 2886 fidem.
1300 2826 1398 2898 Quod-

331 2937 454 2994 cumque
466 2921 686 2993 pronuntiatum
699 2921 736 2977 ab
749 2921 896 2996 astrologo
908 2920 1013 2990 suerit,
1031 2939 1064 2978 ex
1079 2920 1142 2995 ipso
1155 2918 1236 2976 Joris
1250 2919 1400 2976 marronis

328 3011 448 3066 onculo
460 3011 592 3067 haustum
603 3011 804 3068 credentum
817 3011 892 3068 enirn
905 3012 1021 3069 oracula
1034 3009 1173 3086 Delphica
1186 3008 1397 3082 conticescunt,

330 3111 360 3160 et
375 3101 557 3176 ignoratione
579 3101 743 3158 futurorum
764 3103 899 3160 mortales
919 3105 960 3159 ob
983 3122 1033 3159 sua
1054 3102 1161 3160 seelera
1183 3101 1357 3160 damnantur
1370 3113 1398 3160 et

328 3194 504 3270 plectuntur.
528 3195 609 3251 later
626 3195 788 3270 astrologos
805 3205 898 3252 antem
918 3196 1014 3252 locum
1028 3194 1189 3269 principem
1203 3195 1336 3268 obtinet,
1349 3195 1397 3271 qui

330 3285 431 3361 saepius
460 3287 561 3342 exsilio
588 3288 723 3344 multatus
750 3287 821 3357 fuit,
845 3287 897 3363 qni
919 3286 1066 3364 flagitiosis
1086 3287 1144 3346 suis
1163 3288 1397 3363 praedictionibus

330 3377 459 3454 obrepsit
477 3377 509 3434 in
531 3377 669 3453 principia
686 3378 855 3449 amicitiam,
876 3389 906 3436 et
918 3379 1046 3454 pretiosa
1060 3378 1264 3437 vaticinatione
1278 3381 1397 3456 perfecit

327 3481 362 3528 nt
373 3489 492 3546 magnus
503 3469 590 3538 ciris,
603 3472 711 3536 Galba.
724 3468 810 3546 quern
821 3473 901 3530 Otho
910 3473 1071 3539 metuebat,
1082 3470 1305 3530 interficeretur.
1317 3476 1396 3532 Tbne

328 3561 453 3620 muimo
465 3562 628 3636 astrologo,
641 3561 758 3636 ejusque
768 3561 824 3619 arti
837 3561 981 3632 creditur,
996 3561 1020 3620 si
1033 3562 1180 3637 conjectus
1192 3562 1325 3621 fueritin
1335 3565 1396 3621 vin-

327 3655 391 3711 cula
398 3695 407 3724 ,
423 3664 452 3711 et
465 3673 565 3710 manus
576 3665 698 3729 utraque
710 3655 811 3714 terreis
824 3653 943 3712 manicis
957 3653 1102 3725 revincta3
1118 3655 1142 3712 si
1154 3655 1205 3711 din
1218 3667 1347 3714 versatus
1359 3657 1395 3714 sit

324 3745 358 3802 in
373 3745 509 3805 castrensi
523 3764 645 3804 carcere.
661 3748 764 3806 Nullus
778 3745 993 3804 mathematicus
1006 3745 1073 3802 felix
1088 3745 1118 3802 in
1131 3744 1292 3804 divinando
1305 3758 1335 3804 et
1347 3767 1394 3805 au·

327 3836 450 3912 spicatus
469 3838 640 3910 habebitur,
662 3839 717 3897 nisi
736 3839 824 3896 fuerit
839 3839 876 3894 ab
891 3838 989 3912 aliquo
1009 3837 1106 3912 judice
1128 3839 1344 3898 condemnatus.
1366 3841 1392 3896 ls

247 3937 252 3946 “
327 3928 442 3986 demum
457 3929 584 3988 numeris
598 3930 733 3988 omnibus
744 3929 890 3988 absolutus
902 3949 961 3987 esse
976 3929 1155 3999 censebitur,
1170 3930 1221 4006 qui
1233 3932 1282 3988 rix
1296 3931 1391 4007 capitis

325 4035 438 4094 mnam
449 4021 571 4077 evolarit
579 4041 588 4092 ;
604 4022 651 4078 cui
670 4041 725 4097 pro
745 4041 850 4098 magno
864 4022 952 4080 inerit
966 4021 1106 4080 beneficio
1118 4041 1300 4093 concessum,
1315 4035 1346 4081 ut
1360 4025 1390 4080 in

325 4109 449 4186 aliquam
463 4113 619 4188 Cycladum
636 4114 758 4172 insulam
775 4116 856 4172 marl
872 4115 1087 4187 emendaretur,
1107 4127 1186 4174 ante
1203 4117 1341 4193 Seripho,
1359 4117 1389 4173 in
