3056 4984
356 439 419 518 342
629 437 1149 519 n.Juu11mvnum1s

353 553 580 646 Compositive
597 551 668 620 luto
685 550 794 618 nullos
811 549 958 618 habuere
975 567 1140 644 parentes.

354 662 462 731 Multa
478 661 646 756 pudicitiae
663 661 785 729 veteris
801 659 942 754 vestigia
959 659 1092 746 forsan,

354 773 421 840 Aut
437 771 547 864 aliqua
563 770 769 854 exstiterint,
788 784 821 837 et
838 768 899 838 sub
915 771 1018 855 Jove,
1036 771 1094 838 sed
1109 773 1194 838 Jove
1211 769 1362 839 nondum
1387 787 1414 836 ιε

353 881 513 965 Barbato,
531 879 681 948 nondum
698 879 825 948 Graecis
839 878 953 970 jurare
972 879 1094 972 paratis

354 989 420 1055 Per
436 1003 538 1082 caput
553 988 706 1068 alterius,
723 1013 827 1081 quum
847 987 957 1055 furem
975 1013 1075 1056 nemo
1092 989 1227 1056 timeret

355 1098 512 1168 Caulibus
529 1114 587 1167 aut
603 1099 730 1193 pomis,
748 1113 782 1166 et
797 1113 915 1191 aperto
931 1097 1062 1165 viveret
1078 1098 1187 1167 horto.

355 1206 517 1275 Paulatim
535 1207 657 1276 deinde
673 1207 715 1276 ad
732 1231 871 1301 superos
887 1210 1015 1276 Astraea
1032 1208 1168 1276 recessit
1515 1297 1516 1306 ἵ

355 1319 427 1385 Hac
444 1318 585 1402 comite,
602 1333 701 1410 atque
718 1316 792 1386 duae
809 1318 934 1410 pariter
951 1316 1070 1410 fugere
1087 1341 1230 1385 sorores.
1389 1350 1417 1382 ιο
1515 1381 1516 1416 ἢ

403 1427 591 1521 Antiquum
608 1442 640 1495 et
657 1443 753 1496 vetus
769 1442 837 1512 cst,
854 1426 1018 1511 alienum,
1035 1427 1211 1511 Postume,
1230 1425 1355 1495 lectum

356 1537 563 1621 Conantem,
579 1551 679 1630 atque
695 1537 780 1606 sacri
798 1536 933 1632 genium
951 1551 1169 1605 contemnere
1186 1535 1296 1605 fulcri.

356 1644 466 1712 Omne
484 1644 576 1714 aliud
592 1647 719 1714 crimen
738 1673 815 1715 mox
830 1647 940 1715 ferrea
957 1647 1097 1741 protulit
1114 1664 1191 1718 aetas
1209 1673 1217 1714 ε

357 1753 524 1823 Viderunt
540 1757 667 1850 primos
682 1771 841 1850 argentea
857 1755 976 1825 saecula
992 1758 1150 1826 moechos.

357 1866 571 1934 Conventum
588 1879 717 1951 tamen,
734 1880 769 1934 et
785 1881 938 1960 pactum,
956 1882 990 1935 et
1006 1867 1170 1960 sponsalia
1188 1881 1305 1934 nostra
1392 1879 1420 1930 ιε

357 1977 568 2067 Tempestate
585 1999 698 2069 paras,
713 1976 851 2070 jamque
869 1999 888 2044 a
903 1990 1040 2044 tonsore
1059 1976 1220 2072 magistro

357 2085 530 2170 Pectoris,
541 2100 574 2153 et
591 2085 695 2179 digito
712 2087 834 2180 pignus
853 2075 999 2153 fortasse
1008 2083 1139 2152 dedisti.

357 2194 457 2265 Certe
474 2217 572 2262 sanus
590 2192 677 2264 eras!
695 2195 860 2280 Uxorem,
879 2196 1051 2279 Postume,
1069 2192 1185 2262 ducis?

357 2303 441 2387 Dic,
459 2326 525 2394 qua
540 2303 741 2398 Tisiphone,
758 2305 880 2398 quibus
897 2305 1062 2397 exagitare
1080 2300 1247 2372 colubris?

358 2527 393 2566 ex
409 2511 596 2584 parentibus,
619 2509 669 2570 sed
688 2531 704 2568 e
722 2513 831 2570 truncis
848 2513 985 2570 durarum
999 2529 1158 2586 quercuum
1173 2509 1267 2584 ruptis
1283 2507 1316 2564 in
1336 2507 1422 2564 lucem

359 2601 445 2671 editi,
460 2613 509 2657 aut
523 2620 538 2658 e
551 2603 614 2658 luto
628 2603 745 2661 formati
759 2605 885 2660 suenmc
903 2607 1004 2678 Neque
1021 2614 1117 2658 tamen
1130 2601 1276 2672 dubitem,
1291 2600 1365 2675 quin
1379 2618 1423 2656 re-

358 2705 463 2769 gnante
475 2697 548 2751 Jove
558 2696 699 2768 plurima,
717 2707 766 2752 aut
781 2697 920 2752 nonnulla
933 2705 1009 2752 certe
1025 2694 1196 2751 castimoniae
1208 2693 1335 2768 autiquae
1345 2689 1425 2749 vesti-

358 2786 404 2862 gia
416 2786 592 2860 deprehendi
604 2787 768 2860 potuerint3
778 2789 828 2844 sed
840 2799 935 2844 tamen
945 2790 1025 2862 prius
1037 2807 1122 2862 quam
1133 2787 1226 2843 eidem
1237 2785 1306 2843 Jovi
1317 2803 1424 2842 sucere·
1515 2805 1516 2810 ¹

358 2877 446 2934 visset
461 2878 567 2948 barba,
587 2877 667 2951 prius
687 2897 772 2960 quam
792 2879 885 2934 Graeci
903 2899 956 2962 per
971 2879 1087 2936 alterius
1101 2880 1220 2935 salutem
1230 2877 1422 2951 jurameutum
1515 2909 1516 2944 3

360 2971 556 3044 conciperent,
567 2989 655 3044 quum
665 2989 750 3025 nemo
757 2971 898 3026 latronem
907 2971 1104 3028 imminentem
1114 2971 1228 3026 timeret
1234 2969 1294 3026 suis
1300 2969 1423 3025 caulibus

360 3073 409 3116 aut
422 3061 575 3130 fructibus,
589 3073 617 3117 et
627 3061 708 3117 horti
721 3057 853 3135 paterent
862 3062 989 3138 impune.
1006 3067 1074 3120 Post
1087 3064 1146 3119 hac
1159 3062 1263 3118 sensim
1277 3066 1386 3119 Astraea
1397 3064 1425 3118 in
1515 3093 1516 3148 ἒ

360 3153 459 3210 caelum
473 3173 503 3210 se
517 3154 638 3229 recepit,
657 3154 798 3211 Pudicitia
810 3155 979 3228 comitante,
997 3167 1026 3212 et
1039 3157 1128 3212 ambe
1143 3156 1199 3213 illae
1212 3171 1329 3212 sorores
1345 3156 1424 3211 simul

361 3247 527 3305 mortalium
543 3259 631 3304 coetus
644 3247 834 3322 reliquerunt.

403 3357 449 3395 ar.
470 3341 538 3395 Non
560 3350 602 3396 est
622 3357 731 3396 novum
745 3340 873 3412 crimen,
895 3342 1046 3410 Postume,
1067 3341 1117 3396 sed
1137 3339 1261 3414 antiquis
1278 3340 1425 3396 inventum
1515 3395 1516 3400 ,

361 3431 553 3505 temporibus,
570 3431 694 3487 alienum
708 3433 863 3488 thalamum
875 3441 1032 3502 attentare,
1049 3431 1256 3507 presidemque
1271 3431 1424 3508 conjugalis

361 3523 419 3578 tori
434 3523 520 3578 deum
536 3522 690 3598 aspernari.
711 3523 806 3580 Prima
818 3523 957 3580 adulteria
970 3525 1072 3581 moechi
1088 3526 1183 3582 seculo
1197 3535 1335 3600 argenteo
1350 3543 1425 3580 oom-

360 3614 515 3686 miserunt3
528 3627 556 3672 et
564 3615 662 3690 paullo
671 3626 737 3690 post
748 3628 813 3674 retas
826 3616 917 3673 ferrea
930 3618 1040 3691 reliqua
1052 3616 1148 3674 omnia
1160 3616 1265 3672 scelera
1279 3615 1424 3690 produxit.

362 3710 495 3763 attarnen
508 3709 551 3762 'tu
561 3753 563 3758 .
573 3725 656 3782 paras
669 3709 824 3765 convenire
839 3711 970 3782 parentes
985 3708 1087 3782 puellae
1103 3707 1140 3763 ad
1155 3706 1313 3781 petendum
1329 3706 1425 3762 mani

358 3797 512 3868 monium,
525 3810 557 3856 tu
575 3798 678 3873 pacisci
701 3799 737 3855 de
758 3799 827 3856 dote
849 3792 1131 3871 et'conditionibus,
1149 3810 1178 3856 et
1197 3798 1272 3856 inire
1291 3800 1424 3856 solemnia

361 3885 501 3960 sponsalia
516 3891 568 3946 hae
582 3901 681 3946 nostra
696 3901 777 3948 atate
790 3889 911 3964 pessima
923 3891 1078 3948 meditaris.
1094 3892 1215 3965 Jamque
1231 3902 1318 3966 eaput
1333 3893 1424 3948 forsan

361 3982 533 4052 pectendum
550 3983 661 4039 tonsori
675 3983 770 4058 perito
786 3981 944 4054 tradidisu'3
968 3979 1003 4040 et'
1018 3985 1156 4040 annulum
1169 3984 1286 4057 puelle,
1304 4003 1365 4058 quo
1383 3983 1425 4057 pi-

361 4087 453 4144 gnore
472 4072 514 4128 'dli
532 4073 620 4132 fidem
638 4086 715 4131 tuam
733 4075 891 4153 mitigares,
910 4075 1062 4134 donavisti.
1083 4076 1216 4132 Profecto
1234 4093 1309 4132 sana
1326 4075 1424 4133 mentis

361 4157 497 4221 mesenus
517 4166 626 4238 iueras3
641 4187 718 4225 nunc
729 4181 837 4237 autem,
852 4172 1003 4240 Postume,
1016 4169 1130 4244 sapisne
1143 4169 1273 4240 tandem,
1291 4170 1342 4244 qui
1356 4185 1424 4226 uxo
