3108 4986
331 459 394 522 226
482 451 653 519 VARIAE
679 449 972 518 LECTIONES
1000 449 1065 514 ET
1092 449 1245 516 NOTAE

330 570 448 628 45-50.
463 570 580 630 54-69,
595 576 714 629 91-74,
729 584 775 630 w,
791 579 814 615 et
828 569 928 633 plurimi
940 567 1023 616 codd.
1036 567 1110 615 I’nrls.
1125 567 1271 632 Pomptina,
1290 581 1336 627 17,
1351 582 1398 628 7⁰,

330 655 362 714 75
370 689 377 714 ,
389 656 439 716 76,
454 654 501 712 ss,
514 652 562 713 82,
574 651 637 706 cod·
648 653 702 702 Vnt.
716 664 741 702 et
753 663 802 702 tres
811 653 853 704 rlii
866 653 941 702 I'rris.
956 651 1023 702 unde
1037 652 1128 716 recepit
1141 653 1205 701 neb.

362 758 387 810 N
387 775 430 811 on.
444 757 505 826 307.
515 755 608 828 Campi
619 767 644 808 et
649 759 756 827 paludes
766 761 884 810 Pomtinoe
897 761 907 828 (
914 757 994 811 bodie
1005 761 1099 810 Paludi
1108 761 1225 828 Pontiae)
1237 758 1305 811 inter
1313 756 1397 829 Nym·

326 839 432 912 pbrrum
452 849 478 894 et
495 838 617 892 Ufentem
639 838 702 892 flur.
721 841 755 895 eb
772 843 865 895 Astura
884 843 918 894 sb
935 843 1122 903 Terracinam,
1139 859 1215 914 quie,
1233 842 1254 894 si
1272 841 1349 894 Festo
1368 841 1397 892 in

325 925 430 974 Pourirra
441 925 504 972 rriirs
515 920 579 974 lides
589 919 722 983 babendo,
733 941 747 975 1
761 923 852 978 Pontia
864 925 931 978 urbe
944 923 1033 992 (unde
1043 925 1094 977 hoc
1107 923 1166 978 loco
1179 922 1318 995 legendum
1329 935 1397 976 esset

326 1005 442 1064 Porsina,
453 991 531 1054 uteri
542 994 648 1054 Ilissrss
658 991 703 1061 ἴλη
715 1002 785 1074 spud
798 1004 910 1058 Dionem
920 1004 1037 1057 Cassium
1048 1003 1146 1069 XLIV,
1157 1023 1217 1076 pag.
1229 1009 1278 1065 141
1289 1024 1296 1068 ;
1309 1001 1394 1063 XLV,

325 1104 384 1158 pag.
397 1087 479 1155 174),
492 1083 535 1137 vel
545 1083 648 1154 potius,
665 1097 693 1136 ut
704 1085 748 1136 alii
759 1097 867 1156 putant,
885 1086 919 1138 ab
932 1103 995 1158 ngro
1012 1085 1164 1152 Pometiae,
1182 1097 1228 1138 aut
1240 1085 1332 1138 Suessr
1343 1085 1396 1136 Ρο-

324 1165 419 1228 metia,
435 1163 522 1216 ricino
542 1161 698 1216 Volscorum
717 1162 816 1236 oppido
836 1165 846 1232 (
853 1163 945 1216 Graece
965 1156 1101 1234 llsprs'rrc,
1125 1182 1169 1217 seu
1191 1156 1344 1233 irapinas,
1369 1175 1396 1215 et

323 1233 519 1313 eduensium,
530 1259 576 1294 seu
586 1233 743 1310 nupseris·
752 1233 858 1306 tritis,
870 1243 944 1296 verbi
953 1261 1042 1296 eoussa
1052 1281 1059 1308 ‚
1069 1243 1139 1316 npud
1148 1242 1233 1296 Strab.
1244 1243 1279 1305 V,
1292 1261 1317 1313 p.
1331 1241 1394 1308 1⁵9,

326 1329 388 1390 161,
403 1324 474 1379 unde
486 1336 569 1377 contr.
582 1327 688 1386 Pomria,
703 1336 728 1378 et
741 1337 849 1397 propter
862 1325 1036 1398 euphoniam,
1051 1344 1112 1398 qusr
1125 1338 1210 1378 tamen
1223 1325 1294 1378 nulla
1308 1335 1363 1390 cst,
1378 1346 1393 1378 r

322 1408 479 1480 quibusdam
494 1409 621 1474 Pompria,
635 1408 678 1459 rel
691 1409 823 1476 Pomptina
831 1411 907 1474 polus
920 1407 1054 1472 scribitur,
1068 1407 1101 1462 de
1113 1427 1167 1481 quo
1178 1406 1286 1460 vidend
1299 1407 1394 1460 Silium

321 1492 403 1553 VIH,
413 1490 474 1560 377,
483 1502 509 1543 et
517 1489 627 1542 Casaub.
637 1489 670 1542 ad
678 1490 750 1545 Suet.
761 1491 856 1544 Cesar.
867 1495 931 1560 44),
944 1509 1040 1544 nomen
1049 1510 1188 1563 recepere.
1198 1490 1315 1563 olimque
1323 1490 1394 1544 obti-

320 1593 402 1629 nuere
421 1575 508 1627 locum
529 1571 625 1624 XXIII
642 1571 801 1644 oppidorum
818 1575 829 1641 (
838 1572 899 1626 vide
910 1573 1027 1628 Plinium
1038 1575 1097 1639 III,
1109 1575 1161 1644 5);
1179 1573 1224 1628 sed
1235 1586 1323 1646 poetes
1334 1593 1394 1630 cre·

320 1676 383 1713 vere
393 1657 421 1708 iu
432 1655 488 1708 dies
499 1673 531 1708 ex
543 1653 632 1728 rqtris,
646 1671 705 1726 que
718 1672 750 1706 ex
760 1655 894 1716 montibus
906 1655 934 1708 in
944 1656 1078 1730 planitiem
1091 1655 1240 1722 conferunt,
1255 1674 1396 1728 curemque

320 1739 450 1814 pestiferis
461 1738 581 1790 inliciunt
593 1735 750 1807 vaporibus,
763 1737 811 1808 qui
818 1738 860 1789 vel
866 1739 957 1790 Rome
965 1739 1122 1793 sentiuntur.
1134 1740 1254 1812 lugentes
1263 1751 1396 1812 sumptus,

319 1844 333 1876 a
351 1823 430 1875 Corn.
448 1817 565 1889 Cethego
581 1817 641 1870 Cos.
658 1835 728 1870 anno
744 1818 824 1870 Urbis
843 1817 916 1871 DXC
933 1819 1011 1886 (Liv.
1024 1819 1094 1892 Epir.
1106 1823 1171 1889 46),
1183 1821 1279 1872 sJulio
1290 1821 1394 1873 Cresnre

318 1908 330 1975 (
336 1905 408 1958 Suet.
422 1903 492 1970 44),
503 1903 621 1970 Augusto
631 1897 741 1966 (Horat.
752 1899 808 1952 Art.
818 1898 895 1952 Post.
905 1899 938 1952 65
946 1901 970 1968 ),
984 1900 1098 1976 Trajano
1109 1905 1119 1970 (
1126 1901 1177 1956 Dio
1188 1901 1259 1955 Cass.
1268 1904 1295 1970 ),
1306 1901 1395 1956 Theo-

318 1984 410 2039 dorico
430 1979 596 2052 (Cassiodor.
617 1979 681 2033 Vsr.
703 1978 786 2052 Epist.
803 1980 845 2040 11,
866 1981 898 2035 31
916 1994 941 2034 et
958 1982 1025 2054 ³3),
1043 1995 1183 2056 nemoque
1201 2002 1257 2037 cero
1276 2004 1291 2037 1
1313 1985 1393 2057 Pupis

318 2069 391 2123 Sixto
401 2068 427 2119 V
440 2064 533 2136 (ductu
547 2065 614 2118 fossa
621 2067 700 2136 sturae
709 2067 793 2133 Sirio)
812 2076 837 2117 et
852 2064 949 2117 PioVI
962 2065 989 2117 in
1001 2066 1108 2137 paludes
1117 2065 1251 2120 siccandas
1263 2067 1392 2140 impensi,

317 2151 436 2206 nondum
447 2151 521 2222 operi
534 2146 694 2222 perficiendo
707 2148 844 2201 suffecere.
859 2147 930 2202 Vide
940 2151 1030 2200 Adlers
1042 2153 1134 2202 Narlr.
1147 2169 1199 2202 von
1211 2153 1259 2203 cleu
1273 2138 1393 2204 Permissi-

317 2239 390 2289 sclrerr
406 2235 529 2302 Simpflrrr.
550 2263 585 2272 -
606 2233 748 2282 Gallinaria
762 2233 837 2299 pirrus
849 2250 903 2283 non
914 2231 958 2284 ills
973 2234 1042 2284 villa
1053 2236 1090 2284 ad
1102 2235 1224 2294 Gallinas,
1241 2233 1283 2286 rel
1300 2253 1393 2288 neurus

318 2320 464 2382 Caesarum,
475 2314 547 2388 quod
556 2315 615 2371 loeo
623 2317 696 2391 juxta
705 2313 824 2368 Tiberim
836 2313 948 2379 celebri,
960 2314 1201 2390 granatoribusqne
1211 2334 1304 2388 parurn
1316 2329 1394 2390 apto,

318 2401 351 2455 sd
369 2418 469 2454 nouum
488 2399 522 2452 ab
540 2397 613 2450 Urbe
633 2395 764 2470 lapidem,
785 2409 839 2450 erat
861 2395 940 2465 (vide
957 2398 1086 2452 Harduin.
1109 2398 1142 2452 nd
1163 2399 1230 2452 Plin.
1253 2399 1316 2466 XV,
1337 2395 1392 2464 3o;

319 2484 429 2540 Casaub.
443 2496 469 2536 et
482 2483 584 2535 Ernesti
598 2479 633 2536 nd
645 2480 717 2534 Suet.
733 2479 826 2533 Octav.
844 2479 892 2544 43,
907 2492 933 2532 et
946 2480 1022 2534 Golb.
1039 2485 1086 2550 r);
1101 2481 1147 2535 red
1160 2482 1299 2536 Gallinaria
1313 2483 1393 2546 silva,

318 2569 386 2622 iuter
395 2565 522 2620 Vulturni
533 2583 563 2616 ac
573 2563 675 2618 Literni
684 2563 766 2626 ostia,
780 2561 808 2616 id
823 2561 965 2654 Campanis
980 2574 1006 2615 et
1015 2562 1074 2618 siun
1085 2563 1218 2629 Cumano,
1232 2563 1351 2638 adeoque
1364 2567 1392 2618 in

319 2647 412 2702 eodem
425 2657 526 2710 tractu,
541 2661 594 2715 quo
605 2645 718 2694 Pomtinis
727 2645 812 2709 palcis,
832 2631 878 2702 ἕλη
893 2631 995 2712 errabas
1007 2635 1051 2694 nei
1064 2633 1208 2712 timidis,
1224 2634 1249 2702 iis
1263 2651 1392 2698 Γιλλιιιι

321 2718 372 2799 pies
387 2715 444 2786 illus
458 2721 583 2789 usila,
597 2721 683 2775 Str-nb.
695 2721 730 2786 V,
743 2738 803 2794 pug-
821 2720 885 2788 168,
899 2721 933 2774 al.
951 2721 1009 2784 143.
1024 2721 1102 2774 Conl.
1117 2723 1210 2776 Cicero
1223 2721 1256 2776 ad
1268 2723 1392 2777 Diversus

323 2809 381 2875 tx,
395 2809 426 2862 13
436 2844 444 2873 ,
456 2818 482 2860 et
491 2805 592 2858 Merula
605 2802 793 2876 Cosmogrrph.
805 2821 832 2876 p.
845 2803 888 2870 11,
899 2803 944 2858 lib.
955 2805 1006 2872 tv,
1016 2823 1040 2858 o.
1051 2805 1077 2859 8.

356 2964 425 3012 Vin.
444 2964 503 3012 308.
515 2960 627 3010 Homines
641 2975 688 3028 pro
700 2975 793 3016 omnes,
811 2976 850 3007 rr.

356 3056 425 3108 Nor.
445 3055 507 3107 308.
526 3055 662 3114 Vivarium.
676 3053 871 3126 receptaculum
884 3054 1014 3119 suerum,
1033 3055 1123 3113 arium
1141 3055 1323 3128 pisciumque,
1343 3059 1390 3128 qui

320 3138 349 3190 in
362 3154 394 3190 eo
407 3137 512 3189 aluntur
525 3147 551 3188 et
563 3135 730 3206 saginentur3
751 3133 822 3188 unde
836 3147 888 3190 tum
906 3149 1012 3208 purrts,
1030 3155 1109 3208 quam
1121 3137 1206 3208 opime
1218 3136 1306 3208 preda
1320 3137 1391 3190 deri·

320 3237 396 3374 ffl
406 3216 609 3368 videtimddouf·
622 3215 736 3314 ’1111111
749 3217 797 3282 IV,
811 3217 863 3284 11,
876 3219 993 3276 naemu
1006 3219 1110 3276 simin,
1125 3219 1184 3285 111,
1199 3219 1231 3272 13
1241 3241 1248 3286 ;
1258 3231 1286 3280 et
1296 3220 1388 3274 Horat.

397 3341 404 3362 .·
446 3337 454 3365 s
495 3335 503 3362 l
556 3337 563 3352 ·

355 3451 424 3508 Nor.
440 3451 492 3520 309
501 3468 556 3526 seq.
571 3453 604 3504 In
615 3453 687 3507 omni
693 3455 802 3522 samm
812 3471 898 3528 gram
910 3469 1003 3507 cursa
1016 3455 1201 3520 conficiuntur,
1212 3455 1309 3528 quibus
1319 3475 1390 3529 gras·

319 3547 417 3592 satores
429 3535 655 3606 constringam
671 3531 718 3588 sed
734 3533 830 3590 borum
847 3549 917 3591 tanto
934 3551 971 3594 est
989 3537 1144 3604 multitudo,
1162 3551 1191 3591 ut
1203 3539 1253 3591 illu
1265 3539 1390 3594 omuibus

320 3615 525 3689 constringendis
538 3635 590 3674 nou
603 3616 744 3671 sufficiant.
758 3623 884 3674 Marinus
895 3625 997 3684 modus,
1012 3621 1123 3674 maxima
1135 3622 1209 3693 copis
1215 3623 1282 3692 sem*
1291 3626 1317 3673 ire
1328 3625 1389 3674 viu-

319 3705 378 3754 eutis
387 3699 545 3754 fabricandis
557 3699 732 3766 consumitur,
742 3716 768 3752 ur
775 3705 875 3764 tineas,
887 3722 921 3756 ue
931 3703 999 3757 desit
1009 3722 1070 3757 mox
1082 3703 1180 3756 ferrum
1190 3745 1198 3770 ‚
1208 3703 1279 3758 uude
1290 3707 1387 3760 rustico

320 3784 383 3838 fiunt
396 3786 577 3838 instrumenta.
591 3813 625 3824 -
639 3787 741 3846 Manu,
759 3803 841 3857 genus
853 3786 963 3858 ligonis3
977 3805 1036 3860 que
1048 3805 1098 3840 ror
1111 3786 1193 3844 Gallis
1205 3788 1300 3856 etism,
1314 3789 1391 3844 Italis

320 3875 344 3915 et
357 3863 478 3936 Hispanis
490 3861 571 3916 bodie
583 3863 611 3914 iu
621 3881 672 3916 usu
684 3874 730 3916 est.
745 3855 865 3937 Meip‘is,
882 3861 1008 3938 iprensi„
1022 3855 1147 3935 ordlrpsir,
1161 3865 1292 3939 Hesycb.¹

736 4047 966 4068 mmmm

268 4162 274 4178 '
355 4185 365 4215 1
386 4179 620 4239 maturauit,
638 4183 745 4246 72‚89;
762 4181 1312 4244 11111111,141111111111111,
1329 4189 1383 4246 167.
