3056 4984
324 434 389 523 394
481 435 653 503 VARIAE
676 435 969 502 LECTIONES
993 438 1056 502 ET
1078 436 1233 504 NOTAE

358 556 426 604 Van.
449 557 490 612 48.
507 555 629 605 Bidemm
644 571 690 618 pro
696 553 828 619 juvencum
842 553 956 616 quidam,
972 556 1034 606 lctte
1046 556 1104 618 quia
1117 565 1250 614 noverant,
1267 553 1395 602 bidentem

321 638 417 684 Juuoui
432 653 524 686 sacram
538 654 598 686 cuae.
613 637 660 685 Sed
671 635 763 684 auratis
773 635 884 686 comibus
898 636 991 686 hostias
1004 638 1106 703 rnajom
1116 639 1248 687 dumtaxat
1258 635 1397 684 immolw

323 733 383 776 esse,
398 729 486 784 praeter
495 719 556 768 alios
566 719 638 768 dccet
649 719 759 777 Pholus,
773 721 902 780 XXXIII,
915 722 938 768 3.

357 810 425 861 Nor.
446 809 486 872 48,
499 813 604 870 Iunoni,
618 829 677 882 quae
688 810 745 862 scil.
759 799 840 878 ζυγιί
850 821 919 875 erat,
933 822 958 862 et
970 800 1092 874 γωηλῖι
1100 843 1108 870 ,
1124 799 1224 870 τελεία,
1238 797 1394 878 ηοτιλιῖι,

317 894 449 958 pronuba,
460 893 539 959 juga,
554 894 658 960 jugalis,
670 894 786 960 jugatino
794 913 805 952 ;
822 891 893 944 unde
906 903 931 942 et
945 893 1024 944 verba
1042 895 1170 963 Tarpeium
1184 895 1257 943 limen
1269 893 1352 941 adoro
1363 889 1396 942 ad

322 989 378 1025 cam
391 975 482 1026 referri
493 988 617 1047 possunt:
631 975 730 1027 namin
744 975 891 1048 Capitoliuo
905 976 1002 1048 templo
1014 989 1065 1030 trec
1080 977 1151 1030 cellae
1165 988 1253 1040 erant,
1267 976 1395 1040 Iunonis,

322 1057 457 1118 Minervae,
467 1061 506 1119 ct,
516 1059 584 1110 inter
594 1077 647 1122 eas,
659 1058 741 1110 Jovn.
757 1062 790 1109 At
801 1057 864 1110 huic
871 1058 926 1110 dere
936 1059 1015 1111 etiam
1022 1061 1056 1112 ab
1067 1060 1109 1122 iis,
1117 1059 1213 1132 quibus
1223 1074 1396 1132 quaecumque

322 1157 391 1191 uxor
407 1141 565 1212 contigerat,
580 1141 786 1202 sacrificabatur,
807 1154 834 1194 et
849 1142 974 1212 primaria
991 1143 1081 1215 potius
1093 1143 1166 1196 notio
1180 1161 1211 1195 ao
1225 1159 1301 1194 niens
1315 1151 1395 1212 poete

322 1237 422 1296 cpecmt
435 1225 467 1277 ad
481 1243 608 1288 stammas,
622 1243 681 1296 qnae
693 1243 741 1296 pro
755 1225 799 1276 tali
814 1225 916 1277 fortuna
932 1224 983 1278 eliis
996 1225 1113 1278 dicendae
1125 1227 1177 1280 aiut
1191 1245 1222 1278 ac
1236 1223 1394 1288 referende,

322 1309 434 1380 gratiaa3
452 1307 530 1361 ediia
544 1325 607 1360 vero
625 1308 757 1380 principes
776 1327 882 1373 eorum,
900 1309 1005 1380 Jupiter
1018 1308 1142 1375 acJuno,
1157 1317 1347 1360 memorantur.
1361 1337 1395 1346 -

322 1397 452 1443 Iuvencam
463 1407 588 1452 auratarn,
602 1392 725 1444 cornibus
738 1393 836 1444 auratis
845 1401 864 1444 ¹.
889 1389 1044 1461 Magnitudo
1057 1390 1179 1444 beneficii
1195 1389 1282 1443 (lirini
1297 1401 1323 1440 et
1337 1406 1394 1459 gru·

323 1475 379 1541 tin,
391 1492 440 1546 pro
453 1475 499 1527 illc
511 1473 706 1546 persolvenda,
718 1473 890 1528 adumbratur
901 1490 932 1524 eo
942 1471 1036 1544 ,quod
1049 1485 1105 1526 tum
1116 1473 1222 1526 victima
1233 1513 1241 1540 ‚
1253 1471 1394 1543 etquidem

324 1558 452 1621 maxima,
472 1576 526 1608 nou
538 1569 596 1621 tua,
612 1558 739 1622 relovit,
755 1568 811 1609 turn
821 1556 918 1608 aumtia
928 1555 1069 1622 cornibus,
1089 1555 1259 1626 sacrificanda
1281 1567 1320 1608 est
1335 1551 1394 1606 dtis

323 1641 423 1692 Iunoni
434 1652 536 1704 autem,
549 1639 592 1692 cui
603 1639 687 1692 vincla
697 1640 793 1712 jugalia
807 1656 892 1703 cure,
905 1654 991 1691 vacco
1004 1638 1132 1690 immolari
1143 1639 1271 1692 colebant.
1289 1635 1394 1688 Cculer.

324 1721 400 1794 Virg.
416 1721 520 1776 AEneid.
536 1723 587 1789 lV,
599 1721 640 1792 59,
652 1743 706 1796 aeq.
720 1736 746 1776 et
756 1721 837 1776 ovid.
850 1724 939 1774 Amor.
951 1722 1012 1789 111,
1029 1721 1059 1775 13
1070 1763 1078 1787 ‚
1090 1724 1105 1776 3
1117 1741 1172 1794 aeq.

358 1818 427 1872 Nor.
448 1826 491 1886 49.
511 1822 541 1890 si⁴
553 1821 597 1872 eibi
615 1823 749 1888 contigerit.
768 1821 807 1872 De
823 1819 964 1872 mulierum
981 1817 1109 1890 pudicitia
1126 1820 1225 1890 pariter
1239 1821 1344 1891 jocatus
1361 1827 1397 1868 cat

325 1904 437 1964 Boileau,
451 1902 503 1956 Sat.
519 1902 563 1968 X,
575 1923 613 1956 va.
626 1903 658 1968 43
673 1922 728 1975 seq.

510 1988 588 2033 «Saus
600 1986 688 2039 doute,
703 1996 727 2032 et
738 1986 797 2033 dant
809 1985 889 2042 Paria,
902 1985 921 2032 ni
932 1987 957 2046 je
969 1987 1015 2033 aula
1026 1986 1082 2033 hieu
1094 1996 1216 2048 comptar,

508 2080 520 2099 α
529 2060 548 2105 ΙΙ
560 2075 590 2105 eu
602 2069 638 2106 eat
648 2059 743 2122 junqu'h
756 2059 814 2106 troia
826 2076 873 2122 que
885 2063 909 2122 ie
922 2062 1032 2123 pourraIu
1044 2061 1110 2107 citer.
1119 2081 1132 2100 ι
1324 2061 1366 2106 Eu.

360 2145 428 2198 Nor.
450 2147 492 2199 50.
506 2145 572 2198 Turn
583 2166 673 2220 paucae
687 2148 767 2201 hodie
780 2161 840 2202 suut
852 2146 966 2220 pudicae.
985 2147 1068 2200 Vetus
1081 2147 1170 2200 Schol.
1184 2165 1241 2214 quoe
1250 2147 1396 2212 possintn-

324 2234 432 2282 cerdotes
445 2232 537 2282 Cereris
552 2252 613 2293 esse,
628 2233 705 2304 prob.
719 2232 861 2304 Spanhem.
876 2231 910 2284 ad
924 2231 1027 2284 Callim.
1038 2233 1071 2284 Η.
1089 2231 1116 2283 in
1130 2229 1190 2283 Cer.
1204 2248 1244 2282 va.
1257 2231 1285 2294 53
1297 2229 1342 2280 ubi
1353 2246 1397 2280 oo·

324 2313 398 2384 picae
409 2313 502 2379 (locet,
514 2314 561 2368 hac
571 2315 719 2368 sacerdotes
731 2315 801 2368 vittis
812 2315 875 2368 olim
887 2315 914 2366 in
926 2313 1143 2387 Thesmophoriia
1157 2311 1293 2366 redimita·
1306 2311 1397 2375 titisse,
1500 2341 1501 2352 .

325 2411 350 2450 et
368 2411 437 2452 caste
450 2400 527 2452 etiam
542 2400 630 2454 vivere
642 2399 773 2456 debuiuce.
796 2398 848 2452 Sed
865 2398 988 2451 hocloco
1004 2399 1076 2451 notio
1087 2399 1175 2472 potina
1189 2396 1325 2470 pudicitie
1337 2393 1397 2448 iude
1500 2397 1501 2400 ’

324 2484 405 2558 petita
418 2481 524 2536 videtur
532 2523 540 2548 ,
558 2482 630 2556 quod
649 2481 788 2547 Cererem,
802 2481 878 2534 deam
898 2493 1012 2546 caetum,
1032 2483 1141 2554 eiusque
1154 2481 1270 2553 effigiem
1283 2499 1396 2544 sacram,

324 2568 396 2622 viltic
407 2569 434 2619 in
444 2568 529 2642 eapite
538 2579 656 2622 ornatam
666 2607 673 2633 ,
685 2569 835 2636 contingere,
851 2566 902 2619 hoo
912 2578 967 2632 eat,
980 2567 1101 2620 munibus
1112 2566 1224 2638 impuris
1237 2577 1396 2620 contrectare
1500 2605 1501 2608 κ

325 2649 397 2703 nefas
408 2651 441 2704 cit
451 2671 459 2715 ;
470 2663 496 2704 et
506 2662 590 2722 poetae
600 2661 661 2702 aute
670 2649 761 2702 oculos
774 2649 824 2700 fuit
833 2650 906 2702 loom
915 2649 992 2722 Virg.
1005 2648 1111 2703 AEneid.
1123 2649 1166 2716 11,
1181 2651 1230 2718 167
1241 2668 1249 2702 :

543 2749 686 2807 Corripuere
697 2760 785 2791 sacram
799 2745 933 2806 effigiew,
945 2746 1102 2807 manibusque
1113 2744 1235 2792 ornantia³

589 2819 713 2882 Virgineus
723 2819 772 2864 auci
785 2817 845 2864 (lirae
856 2819 996 2882 contingere
1008 2820 1086 2865 vittae.

326 2913 405 2965 Cerea
417 2922 504 2962 autem
516 2920 583 2961 cauta
595 2919 650 2960 erat
661 2905 724 2968 dea,
736 2904 808 2958 unde
821 2918 846 2958 et
857 2903 1067 2976 Thesmophoria
1081 2901 1183 2976 aliaque
1195 2906 1251 2976 ejua
1261 2922 1335 2958 sacra
1346 2923 1394 2958 uon
1500 2913 1501 2976 J

325 2995 376 3048 uici
389 2993 490 3048 acautis
502 2991 626 3044 matronis
640 2989 838 3062 virginibusque
848 2989 1001 3060 agebantur.
1016 2986 1123 3040 Confer.
1135 2987 1245 3040 omnino
1259 2987 1322 3056 XV,
1338 2994 1393 3055 ¹4⁰.
1500 2999 1501 3002 ¹

329 3076 445 3145 141(ubi
459 3071 520 3126 vide
533 3075 616 3144 not),
627 3085 651 3125 et
664 3070 763 3144 Spanh.
779 3070 812 3123 ad
824 3070 926 3124 Gallim.
938 3071 1036 3144 llymn.
1051 3071 1078 3123 iu
1090 3071 1149 3126 Cer.
1160 3089 1200 3125 va.
1215 3088 1227 3122 1
1240 3081 1267 3122 et
1278 3071 1304 3123 5.

361 3171 431 3226 Nou.
453 3171 495 3222 51.
511 3175 619 3238 Quamne
628 3171 711 3220 oscula
721 3170 861 3241 non'timeat
866 3183 947 3236 pater,
956 3187 1020 3240 quaa
1031 3165 1097 3221 filias
1107 3166 1220 3221 osculari
1229 3187 1285 3221 nou
1296 3169 1395 3222 horreat
1500 3149 1501 3224 l

327 3337 470 3408 Graugaeuc
482 3335 570 3388 oscula
583 3333 658 3388 innui
670 3332 779 3406 putabat
794 3351 847 3385 uon
859 3332 940 3404 magis
953 3343 1038 3399 casta,
1057 3349 1135 3404 quam
1148 3350 1206 3404 qua
1219 3332 1289 3405 patri
1301 3333 1395 3388 dederit

324 3417 450 3492 Myrrha,
463 3415 496 3469 de
506 3435 557 3489 qua
572 3414 627 3468 vid.
642 3413 722 3468 ond.
736 3415 842 3468 llletatn.
856 3415 897 3481 X,
910 3413 971 3480 344,
986 3415 1036 3466 362
1050 3431 1103 3486 aeq.
1114 3413 1182 3467 Nota
1196 3414 1226 3468 C.
1240 3417 1339 3471 Vuleeii
1348 3430 1391 3470 eut:

329 3503 462 3567 :Gellium
477 3501 519 3566 X,
537 3497 569 3553 23
586 3501 597 3568 (
605 3499 649 3551 ubi
662 3496 717 3553 vid.
731 3499 846 3572 intpp),
858 3517 889 3550 ex
903 3498 1003 3551 Catone
1014 3497 1095 3550 refert
1107 3497 1190 3568 (quod
1203 3498 1282 3552 etiam
1295 3499 1393 3553 tradunt

324 3587 396 3641 Ptin.
405 3587 482 3655 XIV,
492 3587 568 3652 rhet
575 3583 644 3636 Plut.
651 3583 749 3649 Quoest.
756 3583 833 3636 Rom.
841 3579 908 3652 VI),
917 3582 1054 3636 «mulieres
1062 3581 1123 3636 olim
1131 3583 1221 3636 Romae
1228 3595 1308 3656 atque
1316 3583 1393 3638 iuba·

751 3739 981 3765 mmm

368 3875 376 3899 ¹
396 3861 456 3916 vul.
476 3864 557 3916 Clark.
576 3863 607 3912 ad
629 3863 733 3912 Homeri
752 3862 842 3926 Odyau.
887 3865 925 3921 ll,
936 3859 1106 3926 pag.176‚ed.
1113 3859 1296 3926 Nilaubergeri:
1308 3846 1391 3926 intb
1500 3839 1501 3844 ¹

335 3948 388 4006 111,
406 3947 469 4002 384,
487 3947 552 4004 426,
575 3946 638 4004 437;
657 3943 843 4000 broukhusius,
888 3929 1392 4010 sims‘tmrtemuaaupaessoinqa-

334 4025 365 4071 ad
381 4025 504 4072 Tibullum
518 4027 563 4084 IV,
581 4040 602 4083 1,
622 4024 664 4082 153
679 4024 758 4086 intpp.
770 4021 844 4070 Vale·
890 4010 1054 4086 πηπὶμινοι,
1065 4030 1109 4068 etc.

330 4103 363 4150 rii
385 4102 461 4150 llhcoi
475 4109 499 4162 Ι,
520 4106 567 4166 89;
583 4106 637 4164 III,
655 4106 721 4163 4³15
738 4103 845 4162 Plinius,
925 4109 936 4134 ²
954 4103 1086 4160 lilium-vae,
1098 4111 1127 4148 ut
1138 4101 1194 4150 h.l.
1208 4101 1309 4150 Cereris.

331 4183 458 4242 XXXIII,
469 4171 614 4240 3;Sooi·ates
622 4182 691 4246 apud
700 4183 759 4230 I‘lat.
767 4181 845 4229 Alcih.
927 4177 938 4214 ³
956 4183 1010 4230 lloo
1022 4182 1088 4240 loco,
1101 4181 1241 4246 impudcha.
