3056 4984
390 377 445 441 m
467 375 699 442 sarman
722 374 942 440 saxonis.
1137 377 1202 466 399

132 487 236 542 Adsere.
253 487 358 552 XXIV,
374 486 400 553 ⁵,
413 489 459 540 ubi
470 500 574 552 monet,
587 487 674 542 verbis
687 491 790 548 subare,
805 491 920 553 malin,
933 489 1065 540 adhinnire
1075 501 1101 542 et
1112 491 1203 544 simili-

131 575 176 626 bus
188 573 334 625 belluinam
349 571 529 644 elireuemque
543 572 683 626 homiuum
698 571 836 624 libidinem
853 571 973 644 exprimi.
987 573 1064 625 Conl.
1080 572 1147 626 Plin.
1161 573 1203 640 X,

131 655 177 720 633
188 656 299 710 Lucret.
313 655 365 721 IV,
380 653 464 723 11933
479 656 570 710 Horat.
583 653 669 728 Epod.
681 653 747 719 XII,
760 672 802 719 rr,
815 653 848 706 ol.
862 654 1032 725 Aptissimum
1041 668 1079 711 est
1091 655 1143 710 hoo
1153 657 1203 710 loc.

130 742 212 804 sula,
222 741 352 812 quoniam
363 759 425 794 cum
434 741 522 808 gararii
530 739 651 812 jungitur
659 741 699 808 (ut
709 739 737 792 in
748 737 856 790 Authol.
868 739 927 791 lat.
940 739 997 794 vid.
1007 740 1123 810 comm.)
1134 761 1143 805 ;
1158 741 1203 796 sed

131 822 228 894 reliqua
238 835 296 876 tum
309 821 391 876 rerba
401 821 440 876 sic
453 819 663 894 interpungeodu
675 839 683 874 :

238 891 243 906 ⁸
690 926 695 937 .
707 925 727 938 ..
737 925 743 938 .
753 892 847 952 Appula
858 892 955 953 gennit,

346 964 413 1013 Sicut
425 965 449 1011 io
460 965 585 1028 amplexu.
598 963 668 1010 subal
681 973 705 1009 et
716 963 865 1010 miserabile¹
878 981 884 1010 :
898 964 997 1025 longum

348 1037 456 1086 Attendit
468 1039 594 1097 Thymele;
609 1039 720 1097 Thymele
732 1047 789 1084 tunc
802 1038 888 1085 rustica
900 1038 980 1084 discit.

131 1127 168 1178 lta
183 1126 295 1179 omino
314 1124 454 1197 legendum
464 1137 539 1198 putat
549 1125 659 1190 Mauso,
677 1126 723 1198 qui
737 1137 843 1191 monet,
862 1144 890 1178 se
902 1144 956 1177 non
968 1125 1074 1193 ridere,
1088 1127 1153 1200 quid
1164 1146 1208 1182 me

129 1208 257 1274 moverit,
273 1220 319 1273 ut,
334 1212 427 1280 rejecta
447 1209 569 1280 praeclara
585 1207 783 1273 emendatione,
801 1211 904 1259 salitum
923 1227 1011 1261 meum
1029 1225 1052 1262 es
1071 1213 1208 1263 miserabile

131 1294 227 1359 langres·
238 1301 338 1356 tuerer,
349 1309 431 1362 quum
442 1309 574 1364 quemque
582 1307 645 1343 suus
656 1309 745 1343 sensus
755 1287 848 1343 doceat
854 1331 862 1356 ,
873 1309 953 1362 quam
963 1290 1060 1343 durum
1070 1293 1103 1346 sit
1113 1293 1210 1366 vixque

133 1371 269 1425 ferendum
279 1372 355 1436 illud,
369 1391 429 1424 eum
441 1389 495 1424 uno
507 1371 653 1444 eodemque
665 1374 746 1425 verbo
758 1375 863 1424 attendit
873 1376 1053 1444 conjunctum.
1067 1375 1209 1428 Enimvero

133 1468 272 1510 moverunt
281 1475 324 1508 me
335 1457 404 1527 leges
414 1455 538 1509 modestes
548 1455 646 1508 criticae
656 1495 664 1520 ,
674 1473 733 1528 quse
744 1455 840 1528 saepius
851 1455 918 1507 mihi
928 1456 1088 1523 inculcavit,
1099 1470 1125 1510 et
1136 1458 1209 1529 quod

133 1537 323 1592 illeoontoodit
336 1538 461 1610 qiudem,
473 1556 526 1591 non
537 1557 603 1590 vem
613 1533 747 1610 probarit,
761 1539 900 1592 lectionem
912 1559 927 1593 a
942 1555 984 1591 me
999 1553 1138 1602 servatam,
1152 1561 1211 1613 quae

133 1636 220 1677 tamen
233 1643 290 1676 non
301 1643 360 1677 naen
373 1637 427 1690 est,
443 1621 490 1676 sed
503 1623 619 1695 vulgaris
633 1623 752 1676 omnium
766 1625 909 1689 librorum,
921 1627 999 1698 plane
1011 1627 1126 1702 ineptam
1141 1645 1210 1692 esse,

133 1725 218 1779 neque
227 1719 281 1760 tres
290 1724 369 1760 voees
378 1707 425 1759 uni
437 1705 519 1759 verbo
528 1706 667 1760 commode
677 1708 751 1779 jungi
762 1725 846 1779 posse.
859 1709 1003 1761 Veritatem
1014 1729 1120 1781 quoque
1133 1709 1211 1782 hujus

134 1789 325 1844 anendnionis
336 1809 363 1842 ru
377 1790 487 1843 dubium
495 1789 600 1841 vocavit
611 1789 652 1841 tir
663 1789 756 1842 doctus
766 1791 793 1842 in
804 1791 917 1863 Ephem.
932 1793 992 1843 llal.
1004 1796 1081 1861 (Alig.
1096 1797 1137 1843 Lis.
1149 1797 1210 1848 leit.

134 1893 193 1928 sun.
209 1876 277 1939 1814
288 1915 294 1941 ,
305 1877 343 1948 pl.
358 1873 436 1943 223),
446 1874 493 1926 ubi
505 1885 608 1938 monet,
619 1875 699 1925 verba
710 1877 808 1942 longana
819 1879 924 1926 arsendis
932 1876 1010 1928 nimis
1020 1877 1107 1929 tennis
1120 1897 1175 1931 esse
1187 1890 1212 1931 et

135 1957 257 2030 hnguida
271 1971 333 2030 post
349 1958 392 2009 illa
404 1958 496 2008 oesicoe
505 1975 553 2006 nen
566 1959 683 2024 imperat,
697 1959 786 2024 gannit
796 1969 822 2009 et
832 1961 918 2021 siebat,
931 1961 1110 2032 maioremque
1126 1961 1212 2013 forsan

136 2043 334 2096 amoenitatem
352 2042 385 2092 iu
395 2041 428 2093 iis
444 2041 539 2102 latere,
561 2039 595 2092 ad
611 2040 722 2090 verbum
743 2057 806 2092 vero
826 2043 898 2091 discit
913 2041 1021 2094 omnino
1037 2043 1213 2115 supplendum

137 2145 204 2191 esse,
216 2124 291 2198 qnod
303 2145 319 2177 a
332 2125 495 2197 pantomimo
506 2139 657 2193 expressum
671 2121 722 2187 sit,
735 2135 760 2173 et
774 2141 787 2174 a
803 2141 830 2175 se
841 2125 937 2178 visum.
947 2157 982 2165 -
991 2129 1101 2176 Anerrdit
1113 2129 1215 2194 Thyme-

138 2217 191 2276 len,
205 2211 286 2274 31,b,
298 2211 348 2274 48,
361 2215 409 2276 49;
426 2211 536 2275 Tymele,
553 2223 598 2274 19,
614 2225 628 2258 a
643 2223 677 2256 m.
691 2223 747 2277 ΡΜ
763 2209 862 2266 rimata,
876 2227 917 2271 as,
929 2227 972 2258 aa.
986 2241 1021 2249 —
1034 2216 1096 2261 Dum
1107 2215 1215 2280 rustica,

140 2303 171 2348 16
181 2317 189 2360 ς
201 2307 253 2345 tam
271 2296 377 2355 nescies,
391 2298 435 2358 47,
447 2293 491 2354 54,
502 2291 546 2361 57,
560 2292 601 2354 58,
613 2292 694 2351 64-
703 2290 829 2353 Bathyllus
840 2289 1000 2358 maceratis
1013 2291 1121 2344 libertus
1130 2309 1160 2346 ao
1170 2291 1215 2348 de·

138 2379 204 2434 licia
214 2399 222 2444 3
233 2377 305 2431 unde
319 2380 407 2440 mollis,
419 2375 491 2448 quod
502 2387 589 2427 tamen
599 2371 733 2444 epitheton
744 2370 778 2423 od
789 2389 955 2426 communem
967 2394 1073 2447 quoque
1083 2379 1213 2447 pantomi·

139 2479 243 2515 monam
254 2459 393 2512 mollitiem
405 2457 498 2511 releni
509 2458 626 2530 potest),
641 2465 666 2505 et
679 2454 789 2526 Pylades
808 2455 917 2527 Augusti
935 2459 1113 2530 temporibus,
1124 2461 1146 2512 si
1162 2477 1216 2513 non

139 2545 233 2618 primi,
247 2555 319 2596 certe
330 2541 468 2595 clarissimi
483 2540 556 2592 inere
564 2541 722 2606 pantomimi,
737 2539 788 2592 hoc
802 2552 853 2606 est,
867 2551 985 2608 actores,
1000 2561 1046 2594 seu
1059 2543 1215 2611 histriones,

140 2627 224 2693 ludii,
236 2627 386 2692 saltatores,
399 2624 447 2696 qui
458 2642 527 2684 uon,
538 2634 566 2674 ut
579 2624 661 2681 mimi,
672 2621 774 2686 verbis,
783 2622 830 2675 sed
842 2623 895 2675 sola
909 2628 1039 2678 saltatione
1052 2638 1077 2680 et
1090 2643 1215 2680 manuum

139 2712 313 2784 corporisque
324 2707 447 2779 gestibus.
460 2693 591 2777 quidquid
603 2707 629 2756 in
643 2722 719 2758 scena
729 2717 859 2776 ageretur,
870 2707 937 2758 muti
949 2708 1107 2780 exprimere,
1119 2722 1145 2762 et
1159 2725 1216 2764 mo·

140 2809 180 2844 res
198 2791 339 2842 barranum
361 2785 458 2840 imitari
474 2777 639 2854 (partiales)
657 2784 806 2837 solemnia
821 2815 857 2826 -
871 2789 966 2840 Salem
981 2791 1091 2855 Ledam,
1108 2781 1218 2860 κμίμυσ

141 2867 275 2940 lmese-Sos
288 2859 382 2926 slidesa,
395 2879 425 2918 ut
435 2868 528 2916 saltare
536 2869 657 2930 Satyrum,
669 2867 794 2930 Medeam,
802 2877 852 2918 etc.
867 2861 1001 2934 imminu
1011 2857 1055 2923 esis
1066 2860 1219 2940 'appelit-sc

142 2939 292 3018 dispens
302 2938 434 3016 poenalior,
450 2934 527 2997 etrs'r
538 2935 646 3005 Αἴαντι,
657 2953 707 2995 etc.
727 2945 798 3014 apud
813 2943 922 2997 Lucian.
937 2947 998 3016 saepi
1017 2940 1138 3016 ipxs'mus
1153 2952 1169 3017 S
1182 2949 1216 3000 63

143 3039 167 3080 et
176 3025 228 3091 833
244 3024 371 3100 s'gxssrles
382 3014 441 3079 rods
451 3012 538 3075 'Erras'
549 3019 592 3075 issi
602 3012 692 3080 eloica
702 3021 771 3092 apud
784 3022 878 3073 Athen.
891 3022 918 3086 l,
933 3023 982 3090 393
995 3024 1046 3078 hoc
1058 3039 1108 3089 est,
1118 3027 1217 3080 Ledam

143 3109 252 3177 ejusque
264 3123 365 3158 amores
381 3121 507 3157 manuum
520 3102 717 3175 gesticulatione
731 3103 892 3172 exprimere,
905 3121 1063 3174 χειρονομειι,
1083 3103 1154 3159 unde
1166 3106 1218 3159 hoc

142 3185 202 3240 loeo
207 3187 279 3236 led·
288 3186 466 3245 chalmes,
484 3179 797 3255 meropes-³*Vesieoe
806 3199 855 3233 aon
870 3185 981 3250 imperor,
994 3185 1098 3236 urinam
1110 3188 1215 3258 (propr.

568 3351 798 3374 mmmm

181 3475 192 3500 ¹
212 3467 268 3514 lloc
280 3475 329 3522 est,
343 3462 522 3514 miserabiliter.
703 3477 758 3520 nus,
774 3462 880 3527 linguosi
893 3462 979 3528 digiti,
993 3463 1114 3512 silensiran
1130 3465 1219 3513 clamo·

181 3554 193 3580 ²
212 3545 284 3595 cant
298 3547 409 3595 Macron
424 3545 474 3594 Sat.
492 3547 530 3605 11,
549 3559 580 3606 73
594 3543 659 3590 Plut.
703 3559 754 3590 sum
767 3554 791 3589 et
808 3543 926 3606 expositio
942 3543 1028 3592 tacita.
1044 3547 1080 3593 De
1096 3547 1219 3610 pantomi-

145 3631 258 3694 Sympos.
267 3629 330 3688 vn,
339 3629 367 3688 83
377 3629 444 3692 Lips.
452 3625 483 3674 ad
492 3625 550 3673 Tac.
559 3625 625 3672 Anu.
635 3625 658 3683 1,
704 3637 801 3670 morum
810 3633 861 3670 arte
873 3623 930 3670 vide
939 3622 1004 3688 inpr.
1016 3627 1114 3672 Lucian.
1125 3625 1154 3672 ds
1163 3622 1219 3674 salt

146 3711 192 3766 ⁵4:
200 3707 311 3756 Vossde
318 3709 377 3755 Arte
387 3715 454 3772 poet.
463 3705 561 3755 &lmus
569 3705 600 3752 ad
609 3705 661 3752 Vo-
704 3703 844 3768 (praecipue
856 3719 877 3750 e.
889 3698 933 3762 63,
946 3701 1003 3767 lis),
1013 3715 1037 3751 et
1047 3701 1130 3753 norm.
1141 3703 1218 3754 Antlt.

146 3787 305 3852 pisciculo.
320 3804 342 3834 o.
364 3803 409 3850 ¹93
425 3787 512 3850 Scallg.
526 3785 556 3833 ad
572 3783 660 3832 Eoseb.
703 3781 745 3830 lat.
754 3792 814 3830 som.
828 3797 850 3842 1,
862 3795 917 3847 pag.
928 3783 989 3832 Gra.

146 3863 661 3930 pag.169,etl’ost.1,18;sohsreigh.ael
740 3857 753 3896 ³
770 3862 973 3927 Vidsopmdv,
983 3877 1019 3909 vs.
1029 3877 1076 3910 sar
1086 3877 1093 3920 ς
1105 3861 1218 3911 Macrob.

148 3946 240 3996 Athen.
254 3948 278 4004 l,
294 3961 321 4006 ¹7
331 3944 398 4010 (37),
407 3961 432 4009 p.
444 3961 476 3992 ao
486 3960 537 4007 seq.
551 3944 592 3991 Ad
604 3959 662 4006 pan·
706 3952 731 3990 et
742 3943 841 4008 Salmas.
853 3942 902 3990 loe.
920 3942 1010 3991 laudat.
1029 3941 1166 3991 Caseubon.
1187 3943 1221 3990 ad

149 4025 298 4072 romimioam
306 4024 458 4072 saltationem
472 4040 486 4071 a
498 4022 662 4081 cassiodoro,
707 4023 774 4069 Pers.
787 4022 825 4080 V,
844 4037 881 4071 rs.
902 4023 966 4080 1233
985 4022 1071 4070 Heius.
1091 4021 1122 4068 sd
1144 4021 1219 4070 ond.

149 4103 263 4162 lv‚beoe
273 4105 412 4153 reomaus
422 4100 598 4167 Musaeum
607 4117 662 4150 nsa-
707 4103 763 4152 Art.
772 4101 854 4149 Amat.
863 4103 891 4163 1,
903 4115 940 4150 vs.
948 4101 1008 4163 los,
1017 4110 1042 4150 et
1050 4099 1151 4152 llemed
1161 4101 1220 4148 Am.
