3130 4986
315 450 375 516 182
466 451 636 516 VARlAE
664 451 957 518 LECTlONES
983 454 1048 518 ET
1075 452 1226 520 NOTAE

259 609 265 626 ,
310 571 346 615 lta
357 569 420 617 ordo
432 579 455 616 ct
466 585 567 618 sensns:
581 569 654 618 sumit
664 567 824 635 recledspaa,
836 570 981 619 rasamenta
994 571 1141 635 palaesuica,
1151 583 1175 620 ct
1183 573 1229 619 lert
1238 567 1303 618 collo
1313 563 1381 616 asbe-

311 651 389 712 teria,
403 651 472 716 signa
484 652 579 700 infamis
595 668 644 700 suar
654 652 769 700 victoriae.
778 673 790 692 n
804 651 966 710 Recedinna,
982 655 1032 713 46,
1050 656 1092 710 48.
1107 654 1264 714 Recids'mna,
1281 669 1323 714 ap,
1339 659 1382 712 47,

312 735 359 794 54,
370 734 385 781 ⁵
388 735 417 793 5,
428 735 469 795 57,
481 733 527 793 58,
537 735 609 800 prob.
622 734 717 784 Calder.
730 735 782 782 alit
792 735 839 782 alia
847 771 855 794 ,
864 737 946 784 minas
953 736 1098 802 probabilia.
1111 735 1234 787 Climdita
1243 737 1306 784 male
1315 735 1382 794 coni.

310 817 394 866 Sabin.
406 834 438 865 ex
450 819 539 868 Gellio.

344 935 412 989 Nor.
434 941 476 1008 67.
491 937 585 1008 Magna
596 939 636 990 vis
648 937 675 989 in
687 937 846 1010 apostrophe
860 936 893 990 ad
906 939 1051 1005 Quirinum,
1069 938 1229 1002 Romulum,
1244 949 1381 1006 utsupra,

310 1017 355 1085 ll,
373 1021 438 1086 128,
456 1021 489 1075 ad
506 1021 627 1074 Martem.
644 1051 679 1061 -
696 1023 803 1072 Rusticus
816 1025 859 1072 ille
870 1036 937 1083 tuas,
960 1023 1087 1096 populus,
1102 1021 1181 1086 civis,
1195 1020 1294 1074 rustico
1306 1031 1381 1071 antea

310 1103 385 1175 operi
404 1105 529 1160 intentus.
550 1105 629 1158 Conl.
650 1103 684 1157 ad
702 1104 745 1169 ΙΙ,
762 1123 828 1175 127,
849 1118 873 1158 et
888 1105 972 1169 VIII,
988 1107 1048 1177 ηδ.
1064 1137 1100 1146 -
1118 1108 1285 1172 Tncleds'pna
1301 1101 1382 1173 vulgo

311 1201 445 1258 exponunt
462 1188 616 1241 vestimenta
631 1188 788 1261 parasitica,
801 1187 899 1259 quibus
916 1187 1025 1252 indutus
1042 1188 1075 1242 ad
1092 1187 1258 1242 salutandum
1271 1185 1381 1256 aliquis,

310 1289 425 1332 caenam,
447 1272 487 1324 vel
503 1272 646 1344 sportulam
664 1271 873 1344 promeriturus,
891 1274 934 1327 vel
946 1272 980 1326 ad
996 1274 1079 1345 ipsam
1092 1291 1189 1322 scenam
1204 1271 1349 1329 cucumae,
1367 1286 1382 1319 a

311 1342 396 1418 τρίχα
409 1364 434 1404 et
449 1340 546 1404 derasos
558 1367 564 1399 ι
575 1369 635 1403 nam
646 1362 722 1422 pocta
732 1391 740 1414 ,
750 1350 784 1402 dc
797 1351 896 1404 Gracia
908 1353 1048 1422 loquutus,
1062 1353 1152 1405 Graeca
1166 1351 1274 1403 allectat
1284 1349 1382 1414 verba,

311 1444 340 1486 ut
353 1453 414 1486 mox
425 1435 510 1506 plura.
528 1435 612 1486 Vetus
625 1433 758 1487 scholiast.
773 1445 810 1486 cst
824 1454 830 1485 :
847 1458 857 1478 ι
868 1437 1049 1504 Trocledspaa,
1064 1437 1216 1489 vestimenta
1227 1433 1383 1506 parasitica,

313 1529 342 1568 ut
354 1517 477 1590 caligulas
490 1518 582 1570 Graias
595 1516 758 1570 currentium
771 1515 804 1569 ad
818 1535 937 1582 coenam;
957 1518 999 1570 vel
1012 1521 1167 1586 llsclsedipaa
1184 1529 1222 1574 est
1240 1517 1315 1588 ipse,
1335 1513 1383 1586 qni

311 1615 412 1649 coenam
426 1598 496 1650 facit.
507 1623 517 1642 ι
533 1597 664 1650 Parasitus
676 1595 785 1668 quidem
799 1587 975 1669 apagidsmss
989 1597 1086 1652 dicitur
1103 1598 1193 1668 (quam
1204 1612 1297 1648 vocem
1310 1591 1383 1645 baud

311 1679 479 1733 incommode
491 1684 633 1748 sarpanas
646 1678 723 1732 reddi
741 1699 817 1752 posse
829 1693 918 1733 monet
930 1681 1033 1733 lleincs.
1046 1679 1111 1732 Var.
1127 1679 1244 1732 Lectica.
1260 1677 1308 1729 lib.
1323 1675 1381 1734 111,

309 1785 337 1837 p.
354 1764 437 1838 366),
450 1763 524 1817 verbi
533 1782 637 1828 caussa,
651 1763 722 1834 apud
734 1763 904 1830 Athenaeum,
916 1763 944 1829 Ι,
955 1763 1049 1829 affl,
1062 1765 1097 1833 9(
1102 1762 1224 1816 editionis
1230 1759 1379 1831 Schweigh.

310 1851 343 1916 Ι,
365 1851 399 1914 6,
419 1861 445 1901 et
456 1847 513 1903 Vl.
535 1849 597 1916 li),
617 1846 788 1900 Plutarchum
802 1848 829 1898 in
842 1847 963 1919 Sympos.
973 1847 1058 1912 VIII,
1074 1851 1108 1912 6,
1127 1861 1153 1899 et
1163 1845 1282 1918 Alciphr.
1297 1843 1382 1915 Epist.

310 1931 369 1996 ΙΙΙ,
382 1937 414 1993 4,
427 1931 473 1982 ubi
486 1927 549 1981 inde
562 1929 659 1981 factum
673 1947 770 1981 nomen
783 1931 890 2004 proprie
902 1929 1009 2003 parasiti
1023 1929 1155 1994 famelici,
1169 1928 1294 2000 quoniam
1308 1925 1382 1978 festi·

311 2027 402 2066 nantcr
415 2011 447 2065 ad
461 2031 562 2065 coenam
575 2030 713 2066 accurrere
725 2013 792 2065 solet
805 2033 812 2066 τ
832 2033 916 2086 neque
929 2015 1031 2080 obstat,
1049 2011 1121 2085 quod
1134 2032 1173 2066 vs.
1188 2030 1243 2084 seq.
1257 2011 1383 2083 palestra

309 2097 409 2149 mentio
420 2097 462 2160 lit,
476 2092 601 2168 aliudque
615 2093 734 2146 mollitiei
746 2114 828 2167 genus
840 2107 954 2151 notamur.
966 2097 1059 2149 Vestes
1069 2109 1156 2148 tamen
1168 2095 1210 2147 vel
1222 2095 1323 2147 calceos
1333 2111 1383 2164 pa·

310 2176 429 2230 rasiticos
443 2164 612 2252 rpsxidtsm
624 2192 735 2246 usquam
748 2175 873 2247 appellari
885 2175 958 2228 haud
971 2175 1096 2241 memini,
1118 2187 1143 2228 et
1161 2174 1195 2227 dc
1214 2175 1287 2227 cultu
1304 2189 1382 2244 perc·

310 2261 386 2332 grino
405 2258 457 2312 hoc
477 2259 536 2312 loco
552 2257 646 2330 agitsn.
665 2258 757 2312 Vestes
780 2259 857 2312 innui
875 2259 1052 2331 peculiaribus
1072 2259 1229 2313 familiarum
1249 2257 1384 2311 coloribus

311 2344 463 2410 distinctas,
490 2342 590 2396 Gallice
609 2343 693 2402 livries
709 2342 821 2412 (eboraca
837 2345 959 2411 viridem,
978 2344 1046 2396 inira
1063 2344 1098 2405 V,
1123 2343 1207 2415 153),
1231 2361 1285 2414 quo
1306 2341 1384 2412 signo

311 2428 409 2500 cogniti
423 2427 542 2481 conviva
557 2424 590 2478 ad
604 2443 689 2478 caenas
701 2438 889 2492 cucurrerant,
902 2427 1085 2498 suspicabatur
1099 2429 1218 2498 Rutgers.
1229 2425 1292 2478 Var.
1307 2423 1382 2477 lect.

310 2513 365 2576 Vl,
381 2511 421 2564 13.
436 2511 547 2580 Vossius
559 2523 645 2562 autern
661 2509 688 2560 in
701 2510 764 2563 Lex.
777 2509 1006 2564 etdeVit.se1m.
1020 2511 1050 2574 1,
1064 2508 1115 2577 333
1130 2510 1225 2583 Scalig.
1239 2507 1273 2562 de
1284 2507 1383 2559 Emen-

310 2595 364 2649 dat.
374 2596 469 2666 Temp.
483 2595 529 2648 lib.
541 2593 577 2658 V,
592 2607 617 2645 ct
630 2592 723 2664 Rigalt.
737 2592 853 2649 adhunc
867 2595 955 2649 locum
966 2638 973 2663 ,
986 2595 1150 2658 hieronicas‚
1162 2594 1196 2647 de
1208 2593 1316 2667 publico
1327 2611 1380 2646 coe·

310 2688 401 2728 nantes
422 2671 443 2727 is
455 2672 494 2743 τᾷ
504 2663 663 2744 πομπηΐῳ,
679 2684 702 2723 et
721 2671 755 2724 ad
772 2692 814 2726 eas
832 2676 922 2746 epulas
935 2688 1084 2741 currentes,
1104 2688 1132 2727 ut
1145 2675 1209 2728 hora
1223 2690 1303 2727 coeuse
1316 2671 1383 2724 alias

310 2754 392 2807 alium
413 2749 620 2826 praeterverteret
641 2752 668 2804 in
690 2753 846 2825 occupando
866 2754 926 2806 loco
948 2747 1134 2824 zelabimur,
1161 2754 1268 2827 proprie
1291 2770 1383 2824 τριχι-

311 2823 425 2890 Μτκυς
435 2845 539 2900 vocatos
552 2851 624 2896 esse,
645 2823 812 2905 apsxidsma
826 2851 890 2886 vcro
909 2835 951 2887 vel
970 2825 1118 2907 magides,
1138 2835 1254 2885 niceten'n
1273 2849 1384 2896 eornm,

310 2917 339 2970 id
358 2929 414 2980 est,
431 2915 548 2970 victoria
560 2914 685 2987 praemia,
705 2933 763 2987 qua
775 2918 837 2967 colla
850 2915 1021 2987 gestaverint,
1042 2930 1071 2970 ut
1090 2915 1141 2970 hoc
1160 2917 1281 2988 symbolo
1299 2913 1382 2986 agniti

310 2995 510 3048 admitterentur
520 2994 553 3047 ad
566 2985 655 3063 nitaris
664 2984 798 3064 δημήιιῆν
809 2990 832 3048 s'r
844 2994 882 3066 agii
889 2987 1036 3066 amassiae,
1049 3015 1108 3069 qum
1117 2995 1260 3048 hieronicis
1271 2995 1298 3046 in
1308 2992 1383 3046 onmi

311 3098 393 3150 agone
407 3097 482 3131 sacro
493 3077 642 3130 communis
657 3077 743 3130 luerit.
756 3077 816 3130 Non
830 3079 926 3132 minius
939 3091 1037 3150 argute
1049 3091 1110 3132 sunt
1121 3077 1306 3150 explicationes
1317 3077 1381 3129 Fer-

310 3163 372 3214 rarii
383 3161 417 3214 de
432 3161 552 3213 lteVest.
565 3159 625 3226 ΙΙΙ,
643 3179 690 3226 1²3
711 3171 736 3213 et
747 3161 865 3213 Turnebi
878 3162 945 3215 Adv.
959 3163 1017 3229 Ill,
1032 3181 1073 3232 ¹7·
1088 3163 1235 3217 Henninius
1248 3162 1381 3215 existima·

310 3247 370 3309 bat,
381 3246 535 3312 trecledipna
549 3243 575 3294 in
586 3243 693 3297 scholiis
703 3243 835 3298 veteribus
847 3244 881 3297 ad
889 3249 1021 3314 galliculas
1035 3247 1084 3317 (ita
1098 3246 1168 3299 enirn
1180 3243 1319 3316 legendum
1330 3263 1381 3317 pro

310 3331 444 3398 caligulas)
461 3330 565 3388 Graias,
583 3327 635 3379 boc
648 3341 701 3392 cst,
715 3327 888 3380 calceamenta
899 3341 1033 3400 pastorum
1048 3331 1119 3397 (nam
1136 3329 1171 3380 ita
1183 3329 1210 3380 in
1222 3329 1307 3382 Gloss.
1321 3328 1379 3382 MS.
1461 3359 1467 3362 -

309 3408 380 3483 apud
401 3407 525 3461 Carolum
544 3409 577 3456 da
598 3413 705 3473 Prosae,
724 3419 788 3461 teste
805 3407 951 3475 Scriverio,
969 3424 1145 3481 exponuntur,
1165 3422 1195 3462 nt
1208 3398 1337 3480 epagatus
1352 3407 1381 3460 in

309 3493 386 3565 gloss.
403 3492 502 3564 vulg),
517 3503 543 3542 et
559 3489 667 3564 quidem
684 3493 827 3546 rectissime
844 3495 928 3560 trahi,
949 3507 978 3547 ut
994 3495 1059 3549 adeo
1078 3495 1228 3568 indignetur
1240 3495 1379 3561 satiricus,

310 3575 388 3627 etiam
400 3574 511 3626 rusticos
522 3573 602 3626 Graio
616 3591 689 3628 more
699 3578 753 3648 jam
767 3577 895 3644 calceari,
908 3577 1023 3632 fastidito
1035 3578 1130 3650 patrio.

344 3693 413 3745 Nor.
433 3692 476 3744 68.
491 3691 571 3744 Poeta
590 3693 742 3764 perstringit
758 3693 880 3746 insanum
897 3695 992 3748 aruum
1006 3695 1227 3766 gymnasticarum
1244 3693 1381 3760 studium,

308 3795 339 3830 ex
350 3773 451 3828 Graecia
463 3773 574 3826 Romam
588 3775 740 3834 translatum
750 3816 758 3842 ,
769 3788 798 3828 ut
807 3777 950 3843 Horatium,
963 3779 1046 3851 Epist.
1061 3778 1103 3841 Π,
1121 3795 1151 3844 1,
1164 3776 1213 3840 32,
1227 3777 1274 3842 33,
1290 3790 1316 3830 et
1327 3777 1381 3829 Pli-

308 3859 386 3923 nius,
404 3855 576 3920 XXXV„12.
590 3857 651 3912 Vile
663 3869 751 3913 autem
764 3871 790 3910 et
804 3858 901 3912 infame
914 3860 984 3933 apud
997 3862 1128 3914 Romanos
1141 3871 1241 3914 veteres
1255 3873 1281 3912 et
1291 3859 1381 3914 adbuc

308 3943 419 3996 rusticos
439 3951 572 3993 certamen
591 3943 729 4015 agonicam
750 3955 776 3995 et
793 3942 977 4015 gladiatorium
996 3944 1167 4010 exercitium
1188 3945 1256 3998 Aah.
1274 3943 1329 3996 vid.
1345 3943 1381 3999 ad

307 4025 351 4088 11,
368 4023 425 4086 aas.
436 4028 618 4087 -Niceters'es,
632 4027 750 4081 victoria
761 4027 884 4099 signum,
902 4027 975 4100 quod
991 4045 1041 4100 pro
1061 4046 1160 4099 magna
1180 4027 1264 4082 laudis
1283 4027 1381 4099 insigni

306 4106 420 4178 parasito
431 4109 590 4178 gestabatur,
603 4111 668 4164 alios
680 4111 807 4164 edacitate
819 4112 952 4183 superanti
963 4131 970 4176 ;
983 4111 1150 4163 Omnibonus
1162 4112 1196 4164 ab
1209 4111 1276 4164 Aah.
1289 4111 1382 4165 lauda-

306 4202 363 4255 tns,
382 4189 428 4259 qui
447 4189 524 4242 ctiam
536 4211 587 4264 pro
602 4195 757 4265 maledicae
770 4195 909 4267 legendum
921 4197 1031 4267 patabat
1043 4197 1202 4256 mellidium,
1224 4195 1380 4261 sudarium,
