3122 4986
294 381 359 470 694
455 381 626 448 VARIAE
650 382 949 449 LECTIONES
972 385 1038 450 ΕΤ
1060 383 1215 452 NOTAE

330 497 401 548 Nor.
423 497 483 548 soc.
502 499 608 560 Fasces,
620 493 767 550 duodecim
777 496 888 550 lictores
898 514 960 550 cunr
973 497 1100 552 fascibus.
1119 529 1156 540 -
1170 501 1264 567 Regum
1276 499 1375 548 ultimas

295 581 483 642 macenorum
504 577 568 635 tide
588 578 624 633 ad
645 579 682 645 V,
702 579 745 634 36.

329 675 421 729 Αιιιι..
441 673 675 730 261-268.s11i1
691 673 822 748 exemplis
832 687 916 748 poeta
934 675 1029 744 docet,
1047 678 1165 750 patriam
1184 695 1255 748 sape
1268 695 1285 730 a
1296 675 1374 729 nolti-

293 757 366 811 libos
380 756 534 830 preditam,
551 771 578 814 et
593 769 690 813 contra
708 774 845 816 servatum
862 779 920 817 erse
935 764 971 818 ab
989 761 1156 834 ignobilibus
1169 762 1320 878 infimoque
1330 778 1377 872 gc-

293 861 357 896 nere
376 842 587 897 naria·

328 940 400 998 Nor.
411 941 481 994 alis.
499 943 632 992 Juvenes'
622 943 699 1010 ipsius
723 906 848 1009 consulis,
873 941 925 995 filii
945 942 1039 1006 Bruti,
1063 939 1145 1013 primi
1167 939 1305 1002 consulis,
1326 937 1374 1011 qui

293 1024 411 1097 patriam
425 1024 518 1097 ejectis
535 1024 645 1124 regibus
656 1026 832 1091 liberaverat,
848 1045 910 1080 cum
920 1027 1040 1080 Vitelliis
1046 1025 1190 1098 ,Aquilliis
1201 1025 1315 1097 aliisque
1326 1043 1375 1077 no·

292 1107 396 1161 bilibus
397 1128 485 1182 ,quos
494 1109 585 1182 potius
585 1091 733 1178 decuisset,
746 1109 844 1166 audaci
856 1113 949 1186 aliquo
961 1111 1099 1177 facinore,
1109 1124 1136 1166 et
1147 1112 1247 1183 insigni
1260 1116 1374 1172 virtute,

293 1194 370 1266 quali
380 1214 436 1248 non
448 1195 486 1249 ita
496 1195 583 1248 multo
593 1208 656 1266 post
668 1197 762 1262 Cocles,
773 1200 869 1248 Mucius
886 1209 911 1250 et
928 1201 1014 1249 Cloelia
1025 1198 1228 1261 inclaruerunt,
1237 1199 1374 1247 libertatem

292 1275 384 1331 adhuc
396 1281 495 1330 drebiam
506 1277 662 1343 defendere,
674 1279 709 1332 de
720 1280 809 1352 patria
821 1283 943 1348 praenes,
957 1279 1123 1352 Tarquiniis,
1130 1283 1276 1348 prodenda,
1284 1279 1375 1347 portis·

293 1381 340 1430 quc
359 1361 444 1414 Urbis
458 1361 514 1432 regi
529 1360 701 1434 aperiundis,
722 1363 775 1416 hoc
792 1375 847 1428 est,
861 1362 1015 1434 Tarquiniis
1035 1363 1062 1415 in
1081 1381 1195 1434 reguum
1215 1358 1376 1416 reducendis
1412 1347 1419 1362 ⁸

256 1457 261 1469 “
292 1445 484 1518 conspirarunt
495 1445 659 1500 :Vindicius
672 1458 777 1511 autem,
792 1465 839 1499 seu
851 1445 974 1514 Vindex,
987 1448 1168 1522 Aquilliorum
1177 1467 1269 1512 servus,
1280 1449 1377 1497 ecculm

292 1533 416 1595 crimina,
433 1527 630 1601 proditionem,
653 1549 700 1583 seu
718 1530 948 1602 conjurationem,
969 1535 1005 1582 ad
1023 1537 1110 1584 Patres
1127 1533 1263 1599 produxit,
1280 1529 1377 1583 detulit

291 1615 303 1683 (
311 1611 375 1666 vide
386 1611 421 1665 ud
435 1613 492 1668 Lir-
506 1613 548 1677 ll,
563 1613 578 1665 5
590 1617 615 1684 )
626 1631 681 1684 quo
699 1612 772 1665 facto
785 1612 937 1685 proditores
950 1634 965 1667 n
978 1615 1122 1670 lictoribus
1142 1615 1283 1668 consulum
1299 1617 1376 1687 jussu

291 1695 375 1767 virgis
386 1695 447 1748 caesi
453 1697 600 1762 ,securique
609 1695 730 1766 percussi
741 1710 813 1749 sunt.
826 1697 878 1748 Res
891 1697 1031 1750 notissima
1039 1698 1082 1751 rel
1093 1717 1125 1752 ex
1137 1698 1195 1750 Lir.
1209 1699 1251 1762 lI,
1263 1696 1342 1761 3-5,
1349 1709 1377 1750 et

292 1779 415 1836 facinora
430 1779 539 1834 Horatii
552 1783 663 1847 Coclitis,
675 1783 753 1832 Mucii
766 1780 906 1847 Scaevolae,
925 1794 952 1834 et
966 1781 1112 1836 Cloeliaex
1125 1781 1223 1836 eodem
1233 1781 1324 1846 Livio,
1336 1781 1376 1846 11.

191 1887 205 1900 ι
294 1864 407 1918 ιο-ι3.

327 2011 395 2058 Vsa.
416 2009 476 2060 263.
493 2009 614 2071 Decedet,
631 2026 673 2072 77.

327 2105 397 2151 Vsa.
415 2103 475 2161 adt.
494 2103 595 2162 Mutius,
610 2119 649 2165 17,
664 2103 704 2157 xe.
720 2119 760 2166 19,
773 2119 815 2163 ιι,
828 2106 871 2164 23,
884 2115 933 2164 ιι,
951 2106 1065 2167 45-50,
1082 2106 1125 2169 58,
1140 2107 1184 2166 uo,
1195 2107 1313 2170 tte-67.
1330 2107 1375 2156 Sed

293 2185 373 2235 Greci
381 2201 439 2235 eom
449 2186 574 2251 appellant
585 2183 691 2236 Μούκιον
702 2182 831 2236 Σκαιόλαν.

330 2286 397 2332 Van.
416 2284 476 2333 2⁶5.
495 2283 594 2344 Frieem,
605 2285 648 2343 ιδ,
659 2299 701 2345 27,
716 2285 807 2345 ιθμιι,
824 2287 921 2349 ι9,50,
936 2287 1047 2345 ss-co,
1059 2287 1107 2343 δι,
1118 2283 1161 2335 65.

329 2377 400 2432 Nor.
420 2377 480 2432 265.
501 2381 594 2446 Virgo,
611 2377 724 2442 Cloelia,
747 2380 885 2430 Tiberinum
908 2397 1015 2432 amnem
1034 2397 1082 2431 seu
1100 2376 1229 2444 fluvium,
1250 2377 1300 2450 qni
1320 2391 1380 2432 tom

294 2461 425 2533 temporis
438 2463 534 2528 imperii
551 2461 667 2515 Romani
679 2464 741 2532 finis
760 2475 787 2515 et
806 2463 935 2516 terminus
954 2462 1020 2527 tuit,
1037 2463 1140 2512 natavit.
1154 2461 1210 2512 Alii
1231 2479 1291 2514 eam
1307 2481 1379 2534 equo

293 2546 457 2601 insidentem
469 2545 583 2601 flurium
593 2547 730 2619 trajecisse
738 2546 866 2612 tradunt,
875 2545 982 2601 undeet
989 2557 1077 2599 statua
1086 2545 1217 2616 equestris
1228 2545 1280 2617 ipsi
1291 2545 1380 2618 posita

293 2631 411 2687 ridetur.
423 2642 432 2668 ¹
446 2631 513 2684 Haec
532 2631 653 2684 narratio
666 2630 744 2684 facile
762 2650 825 2685 cum
842 2631 891 2685 illa
904 2630 1045 2686 conciliari
1060 2642 1159 2704 potest.
1173 2628 1247 2684 Vide
1264 2629 1301 2683 ad
1319 2631 1378 2685 liv.

294 2716 348 2772 loc.
367 2713 443 2772 laud.
458 2712 534 2770 etad
552 2713 600 2768 Sil.
621 2714 661 2780 X,
682 2715 744 2784 498.

330 2863 399 2910 Van.
418 2861 479 2910 266.
498 2857 630 2918 Producit,
640 2861 687 2921 6ι;
699 2858 833 2920 conduxit,
845 2875 885 2918 ιι,
898 2873 946 2924 ι9;
957 2857 1056 2920 cdrixit,
1064 2873 1094 2920 a,
1105 2859 1129 2918 3,
1138 2860 1164 2920 6,
1175 2875 1201 2920 7,
1213 2859 1327 2917 ιι-ιΒ,
1338 2873 1380 2916 ιο,

297 2959 345 3004 aa,
358 2947 401 3006 23,
414 2953 462 3004 ιι,
476 2959 520 3008 ι9,
530 2953 555 2992 et
564 2944 605 2992 lll
613 2943 693 2993 Codd.
704 2944 779 2992 Poris.
790 2941 914 3004 Deducit,
925 2959 968 3002 ²13
977 2957 1030 2990 cum
1040 2941 1126 3002 direti,
1137 2943 1179 3000 45.
1190 2941 1380 2990 Schumlleirelr.

296 3027 468 3092 suspicabatur
476 3027 504 3074 ln
515 3027 599 3092 prisco
612 3027 695 3091 aliquo
706 3028 768 3078 Ccd.
781 3027 887 3092 primam
899 3027 954 3093 syll.
968 3027 1042 3076 inisse
1055 3027 1185 3088 detritan,
1203 3042 1280 3092 quam
1289 3025 1380 3076 deinde

296 3109 394 3160 librarii
407 3125 454 3174 pro
466 3107 547 3158 lubitu
556 3111 691 3158 commenti
701 3111 760 3159 sint.
850 3129 853 3142 ·

332 3205 404 3259 Nor.
426 3206 486 3276 ²⁶7·
505 3208 592 3255 Servus
609 3206 733 3256 Macronis
746 3207 880 3272 lugendis,
897 3222 978 3276 quem
991 3203 1105 3268 Brutus,
1117 3214 1150 3255 nt
1163 3215 1379 3256 conservatorem

728 3373 957 3396 mmm

298 3488 392 3550 Maiis.
405 3514 459 3562 cap.
473 3506 518 3556 ιι,
529 3511 584 3560 pag.
598 3509 656 3543 rro.
669 3495 776 3558 Coplose
789 3503 814 3542 et
857 3495 951 3559 petito,
964 3493 1091 3541 neminem
1104 3507 1192 3558 regum
1206 3493 1379 3541 Romanorum

300 3579 372 3628 docte
386 3578 417 3626 de
434 3576 583 3636 diedemate,
601 3575 642 3624 rel
654 3575 727 3635 tiara,
742 3590 813 3639 egere
857 3589 931 3623 usum
949 3589 1013 3634 esee,
1033 3583 1058 3620 et
1079 3584 1164 3636 poetas
1186 3572 1230 3638 (ut
1250 3573 1378 3622 iuvenalis

298 3660 383 3708 Bnrm.
397 3657 428 3706 ad
439 3656 521 3706 Vale-r.
532 3657 567 3704 Fl.
581 3655 633 3714 Vl,
644 3670 701 3718 700,
712 3665 737 3702 et
746 3653 813 3718 inpr.
857 3653 907 3702 hoc
917 3651 984 3716 loc.),
996 3653 1156 3712 monetarios,
1164 3651 1273 3716 pictores
1280 3661 1307 3700 et
1313 3651 1379 3699 scul-

299 3737 433 3804 Spanhem.
443 3737 474 3784 de
487 3737 541 3784 Usa
552 3747 576 3784 et
585 3735 728 3783 prestantia
740 3735 818 3783 Num.
861 3743 953 3798 ptores,
962 3731 1006 3796 qni
1018 3731 1080 3779 illud
1091 3731 1131 3780 his
1142 3731 1250 3796 regibus,
1265 3731 1307 3780 vel
1316 3730 1379 3779 adeo

300 3817 367 3868 Dies.
376 3819 409 3874 V,
418 3833 474 3882 pag.
488 3816 640 3878 tid-472,
651 3816 717 3876 622,
729 3815 818 3878 679-
862 3813 910 3862 diis
919 3823 944 3861 et
953 3811 1074 3861 heroibus
1083 3811 1208 3874 tribuant,
1218 3812 1252 3860 ad
1261 3829 1306 3860 sua
1316 3821 1378 3860 tem·

302 3898 352 3950 ets
364 3894 415 3959 (ed.
424 3898 505 3946 amis
520 3894 607 3960 1671),
616 3894 662 3942 ubi
671 3905 760 3958 praeter
769 3893 818 3944 alin
861 3909 923 3959 pora
934 3893 1087 3958 respexisse,
1097 3901 1123 3940 et
1133 3907 1231 3952 morem
1243 3903 1297 3942 tum
1307 3890 1378 3958 priu-

301 3994 327 4044 p.
338 3986 397 4037 470,
407 3984 438 4035 ιι
445 3992 466 4032 ι,
474 3975 561 4035 docet,
570 3974 619 4022 hoc
630 3975 702 4039 regiae
711 3982 820 4039 potesta·
861 3973 960 4039 cipibus
968 3972 1121 4022 familiarem.

301 4057 335 4106 tis
344 4053 449 4120 insigni,
458 4069 491 4102 ex
501 4053 605 4102 Oriente
614 4053 715 4102 demum
724 4051 818 4102 abAle-
899 4059 908 4085 ¹
928 4053 965 4102 De
976 4067 1024 4116 qua
1038 4050 1096 4100 vide
1111 4049 1163 4099 Lir.
1177 4053 1215 4110 11,
1229 4051 1376 4110 13,exu.et

301 4136 413 4196 xandro,
429 4141 454 4183 et
470 4149 502 4182 ex
513 4133 660 4184 Macedonia
672 4151 686 4182 a
698 4133 819 4183 Romanis
862 4134 946 4198 aeger.
955 4131 1069 4200 Spieileg.
1080 4130 1166 4195 antiq.
1177 4147 1233 4196 pag.
1243 4133 1288 4192 73.
