3056 4984
318 449 382 534 298
478 449 650 516 VARlAE
672 451 968 519 LEGTIONES
992 455 1056 520 ET
1078 455 1232 520 NOTAE

316 560 479 635 lupanaris.¹
500 591 536 605 ·-
558 567 651 633 Tegetis
666 583 727 633 pers
746 568 850 618 dimidia
869 577 944 638 parte
957 570 1061 630 brevior,
1082 585 1142 640 que
1154 567 1221 620 adeo
1236 585 1292 620 non
1309 577 1390 619 totum

317 647 381 718 tegit
394 665 500 719 corpus.

353 821 420 868 Vns.
442 835 482 867 ro.
496 819 556 867 vid.
569 827 621 868 not.
634 829 790 884 sequentem.
803 819 835 867 ed
848 819 872 867 lt.
886 819 903 866 l.

349 913 418 969 Nor.
440 933 536 984 9—11.
557 915 590 968 Iu
604 933 642 970 vs.
659 933 708 983 ιο,
722 917 768 990 qui
782 935 796 968 a
810 915 923 968 librariis
938 915 1042 970 videtur
1054 931 1205 991 corruptus,
1221 917 1292 970 nulle
1307 935 1394 988 neque

314 997 443 1051 librorum
465 999 544 1052 lectio
564 999 640 1052 uobis
661 999 723 1053 setis
744 999 821 1061 lacit,
844 1017 930 1071 neque
944 1003 1093 1073 conjecturs
1108 1002 1226 1054 virorum
1241 1000 1391 1054 doctorum.

314 1085 370 1132 Iam
383 1101 433 1154 pro
449 1086 522 1144 Turn,
538 1081 581 1136 58.
597 1114 632 1122 —
649 1087 726 1150 Qutun
732 1085 812 1152 possis
823 1081 917 1136 vitiose
930 1084 1006 1152 (nam
1019 1084 1148 1155 posterior
1156 1083 1215 1157 syll.
1230 1083 1305 1136 verbi
1314 1085 1394 1152 possis

314 1165 476 1237 longeest),
491 1183 535 1231 ιο,
552 1183 594 1232 rt,
613 1173 724 1236 tri—17,
742 1184 862 1234 19—sn‚
877 1171 926 1229 24,
941 1165 985 1232 25,
1003 1185 1047 1237 η,
1062 1167 1177 1234 sti-50,
1193 1167 1310 1232 54-61,
1325 1163 1394 1218 63-

316 1249 361 1314 68,
377 1253 496 1316 70-74,
512 1261 537 1300 et
551 1245 659 1300 XXVII
671 1247 756 1302 Codd.
772 1247 854 1302 Puris.
871 1255 950 1316 Qusttu
959 1251 1054 1318 poscis,
1070 1251 1103 1303 65
1119 1249 1216 1320 (Puris.
1232 1247 1335 1319 1505),
1349 1251 1392 1316 69.

317 1337 397 1400 Quum
403 1333 494 1399 possit,
511 1329 542 1384 23
553 1373 561 1397 ,
574 1338 622 1396 ll·
636 1335 686 1396 lin,
699 1332 748 1403 75,
761 1335 806 1402 76,
817 1344 842 1385 et
852 1331 921 1384 VIII
930 1333 1004 1387 MSS.
1018 1334 1100 1388 Paris.
1112 1356 1120 1400 ς
1132 1336 1159 1386 in
1173 1333 1215 1386 his
1227 1333 1302 1386 Alex.
1312 1374 1321 1399 ,
1333 1331 1394 1385 cot-

315 1413 382 1468 bert.
398 1431 423 1481 1,
438 1428 463 1468 et
476 1413 580 1470 Thuan.
597 1435 620 1470 ι.
639 1420 702 1484 Quin
712 1419 804 1485 possis,
822 1415 862 1469 13.
878 1421 963 1469 Posses
977 1432 1013 1482 et,
1029 1421 1071 1473 26.
1086 1417 1148 1471 lltec
1161 1429 1200 1470 est
1211 1415 1299 1469 omnis
1312 1415 1395 1468 verie-

315 1509 353 1551 tus
367 1498 503 1565 lectionis,
523 1500 660 1566 etiamen,
674 1519 754 1573 quem
767 1499 915 1554 llenninius
928 1520 955 1573 p.
969 1517 1037 1567 911,
1053 1501 1177 1554 enotnrit.
1199 1499 1294 1551 Proteo
1305 1495 1394 1570 judice

314 1583 394 1637 satius
408 1597 463 1649 est,
477 1585 606 1657 poeticam
619 1586 687 1638 ferre
698 1579 848 1652 licentiam,
862 1605 942 1659 quam
955 1605 1059 1640 sensum
1072 1597 1233 1658 pervertere.
1248 1585 1393 1650 Despsnte·

314 1665 369 1719 rius
390 1668 502 1720 malebat
514 1673 610 1737 poseit;
630 1688 684 1741 quo
698 1681 784 1722 temen
798 1667 866 1721 nihil
878 1661 1025 1741 proficitur.
1047 1669 1185 1723 Ascensius
1199 1667 1305 1722 emend.
1335 1670 1394 1717 Tan

308 1751 398 1818 jq'uno
405 1753 506 1821 fames,
528 1765 558 1804 tu
570 1763 624 1804 tem
638 1753 791 1818 famelicus,
815 1772 889 1820 quum
898 1755 975 1821 possit
985 1753 1042 1806 scil.
1058 1755 1157 1819 sames,
1175 1753 1227 1806 hoc
1239 1765 1297 1818 est,
1312 1769 1394 1824 quum

315 1833 416 1904 possis,
431 1833 554 1885 honestius
569 1837 620 1886 illic
634 1849 658 1885 et
668 1847 786 1900 tremere,
798 1848 866 1900 etc.;
881 1837 924 1888 vel
939 1839 1001 1906 Tam·
1008 1839 1096 1906 jejuna
1104 1839 1203 1907 soenes,
1217 1855 1293 1904 quum
1301 1837 1396 1904 poscis,

316 1914 422 1986 quando
435 1917 511 1988 cupis
522 1931 621 1968 tremere
630 1919 754 1968 honestius
763 1919 826 1979 illic,
840 1918 866 1970 in
878 1918 1001 1991 injuriose
1012 1919 1125 1974 divitum
1142 1939 1232 1984 coeuu,
1246 1925 1273 1969 et
1286 1921 1397 1969 mordere

315 2000 413 2060 sordes,
434 2018 481 2052 seu
494 1999 644 2054 immundas
657 2001 782 2072 reliquias
788 2004 870 2072 foreis
883 2007 981 2066 canini,
1001 2006 1076 2078 penis
1088 2004 1155 2059 adeo
1168 2003 1246 2068 duri,
1268 2021 1351 2076 quem
1363 2023 1396 2058 ne

316 2101 393 2136 cenes
402 2083 510 2156 quidem
520 2103 636 2138 comesse
643 2099 759 2157 possent.
771 2085 890 2140 Priorem
899 2087 1125 2153 emendationem,
1135 2089 1180 2142 cui
1189 2100 1215 2140 et
1223 2087 1285 2140 libri
1296 2087 1396 2152 favent,

316 2184 370 2218 non
382 2167 514 2239 improbet
525 2166 648 2234 Prateus,
662 2181 688 2221 et
696 2169 806 2241 reliquis
816 2169 922 2242 prefert
931 2168 1065 2223 Plethner.
1079 2183 1107 2222 ut
1116 2183 1193 2242 poeta
1204 2169 1339 2241 elegantes·
1349 2169 1396 2220 tri-

316 2247 379 2301 buet
391 2247 453 2300 fumi
463 2289 472 2315 ‚
484 2247 557 2321 quod
567 2263 656 2302 orator
668 2248 788 2302 famelico
800 2251 943 2303 tribuisset.
955 2280 992 2292 --
1005 2251 1125 2306 Lubinns
1135 2263 1161 2304 et
1172 2251 1294 2304 Graevius
1302 2251 1397 2323 reponi

315 2333 409 2404 jubent
420 2336 476 2402 qsein
487 2335 584 2400 poscis,
599 2331 645 2386 scd
655 2331 761 2385 diverso
772 2331 852 2386 modo
862 2333 919 2386 huc
931 2335 1010 2386 verbe
1023 2347 1049 2386 et
1059 2335 1264 2407 interpretantur
1275 2345 1302 2387 et
1312 2335 1395 2388 inter·

317 2429 447 2489 pungunt.
460 2415 510 2468 Ille
519 2415 557 2469 sic
568 2435 575 2468 :
588 2418 646 2484 quin
658 2427 688 2468 tu
698 2415 776 2488 louge
786 2418 908 2467 honestius
914 2419 1004 2483 poscis,
1017 2417 1132 2489 postulas
1142 2429 1168 2468 et
1178 2429 1307 2489 praeoptas
1320 2435 1395 2470 mett·

315 2497 429 2554 dicundo
439 2501 526 2572 potius
537 2513 658 2565 tremere,
671 2511 696 2551 et
703 2497 839 2552 sordidum
848 2499 986 2554 comedere
996 2518 1102 2572 panem,
1114 2518 1194 2572 quam
1204 2499 1320 2572 turpiter
1330 2499 1394 2552 edn-

316 2582 395 2636 lando
408 2582 478 2635 idem
499 2583 584 2654 iacere
602 2585 629 2635 in
647 2582 761 2636 divitum
775 2583 881 2636 mensis.
896 2583 946 2636 llic
960 2601 1021 2635 vere
1034 2582 1069 2635 its
1090 2601 1096 2635 :
1121 2585 1182 2632 Tam
1189 2583 1394 2652 jejunasasnes?

317 2667 432 2718 letnesne
451 2677 521 2718 tants
542 2677 597 2732 cst,
618 2677 647 2717 ut
664 2665 721 2718 illes
739 2664 846 2736 patieris
860 2663 1051 2718 contumelias?
1071 2667 1135 2732 Quin
1149 2667 1251 2732 poscis?
1270 2681 1321 2716 cur
1339 2683 1393 2716 uon

316 2749 469 2804 mendicas?
481 2752 603 2802 honestius
614 2762 668 2815 est,
687 2752 753 2814 illie,
773 2749 800 2801 in
815 2750 949 2822 crepidine
962 2764 1007 2804 aut
1019 2761 1116 2823 ponte,
1136 2765 1162 2800 et
1172 2763 1289 2812 tremere,
1309 2749 1393 2821 frigus

316 2835 388 2906 pati,
402 2847 427 2885 et
435 2837 517 2885 sordes
521 2835 603 2903 saeris
613 2837 725 2884 mordere
732 2836 817 2885 canini
821 2873 829 2894 ,
842 2846 866 2887 et
878 2833 986 2887 sordido
996 2834 1144 2906 penevesel
1154 2874 1161 2901 ,
1171 2847 1251 2905 quem
1262 2833 1291 2884 in
1301 2849 1392 2884 mensa

315 2920 429 2973 divitum
442 2931 495 2972 tem
509 2918 616 2990 indigns
629 2919 694 2991 peti.
717 2917 793 2972 llnnc
809 2919 948 2972 lectionem
965 2917 1214 2989 distinctionemque
1232 2928 1393 2989 receperunt

316 3003 479 3069 Heuninius,
489 3014 514 3054 et
522 3016 581 3075 post
591 3021 652 3055 eum
660 3001 714 3055 ulii.
727 3002 779 3055 Sed
786 3023 887 3071 poscere
894 3003 981 3074 simpl.
990 2999 1055 3075 poni
1065 3021 1116 3074 pro
1125 3004 1264 3053 mendicare
1274 3001 1322 3053 vix
1332 3019 1391 3054 me·

315 3082 438 3139 didesim.
448 3117 484 3128 ·-
493 3086 648 3157 Gourgan,
658 3087 825 3139 Britannicus
834 3086 909 3138 etalii
917 3085 945 3138 h.
957 3086 975 3136 1.
987 3096 1089 3147 tacent,
1104 3097 1129 3138 et
1141 3083 1325 3136 difficultatem
1335 3085 1391 3155 ejus

316 3168 358 3221 vel
371 3187 424 3221 non
437 3169 546 3222 sensisse
558 3168 694 3236 ridentur,
710 3170 751 3222 vel
763 3169 896 3240 sapienter
906 3167 1090 3220 dissimulasse.
1110 3167 1241 3238 Equidem
1259 3185 1315 3218 uon
1335 3177 1392 3218 ten·

315 3265 372 3304 tutu
384 3252 451 3305 mihi
463 3253 636 3325 sumpserim,
650 3265 680 3305 ut
693 3271 749 3306 rem
761 3271 812 3306 ecu
823 3252 936 3324 tetigisse
949 3251 1015 3304 mihi
1027 3251 1208 3323 persuadeam.
1223 3251 1316 3316 Quum
1326 3269 1392 3304 vero

313 3335 340 3388 in
354 3337 512 3392 lectionibus
525 3336 648 3390 codicum
658 3355 738 3390 nemo
751 3336 828 3389 facile
839 3335 1022 3406 acquiescere,
1034 3348 1059 3388 et
1072 3335 1202 3390 levissime
1216 3335 1296 3388 unius
1308 3335 1391 3390 litere

315 3421 458 3474 tnutetione
465 3421 587 3474 carminis
599 3421 678 3474 nitori
686 3434 766 3494 etque
774 3419 896 3492 dignitati
905 3419 1008 3472 consuli
1018 3431 1113 3490 queet;
1123 3418 1227 3472 veninm
1236 3436 1315 3489 spero
1324 3419 1392 3472 milui

316 3503 406 3558 datum
417 3505 467 3572 iri,
478 3505 551 3578 quod
562 3506 590 3558 in
602 3506 706 3558 illerum
719 3507 807 3559 locum
818 3505 896 3558 eliam
909 3506 999 3574 (quum
1007 3508 1052 3572 pol
1061 3507 1107 3573 sit)
1120 3504 1317 3570 substituerim‚
1331 3523 1391 3576 qne

317 3587 393 3641 facile
403 3589 538 3660 corrumpi
546 3589 633 3661 potuit
641 3588 675 3640 ab
683 3587 795 3642 indoctis
806 3588 931 3653 librariis,
943 3607 1023 3660 quem
1034 3600 1120 3640 temen
1131 3625 1138 3652 ,
1150 3586 1229 3639 simul
1239 3605 1270 3639 ec
1281 3587 1389 3640 meliore

314 3671 424 3728 edoctus
435 3673 521 3740 luero,
531 3673 625 3726 lubens
634 3671 774 3726 damnabo.
786 3673 823 3725 Eu
831 3684 902 3726 certe
910 3671 1021 3726 admisso
1031 3707 1039 3735 ,
1050 3689 1104 3723 nou
1115 3669 1204 3734 video,
1213 3668 1280 3741 quid
1290 3671 1318 3722 in
1329 3671 1359 3724 lt.
1371 3671 1389 3723 l.

315 3755 456 3828 displicere
467 3757 566 3830 possit,
578 3755 601 3808 si
616 3756 651 3808 ite
665 3773 726 3810 eum
736 3756 888 3827 exposueris
902 3775 908 3808 :
926 3758 1029 3806 Tentine
1043 3753 1120 3825 pretii
1131 3766 1171 3806 est
1182 3754 1250 3818 tibi,
1268 3754 1312 3806 vel
1330 3773 1346 3807 e
1364 3767 1390 3808 te

316 3840 457 3892 aestimetur
470 3841 560 3908 inpuris
572 3859 661 3900 ooenoe,
680 3837 733 3894 hoc
746 3851 800 3906 est,
814 3857 887 3892 mun
901 3839 1027 3910 injuriosa
1039 3878 1047 3904 ,
1060 3836 1229 3902 convivium,
1242 3837 1270 3888 in
1284 3857 1340 3909 quo
1351 3849 1390 3890 tot

353 4122 363 4150 l
383 4117 829 4180 contw,117;vt1,m;tx.
872 4115 1385 4178 x1,33,2;57,5;t³1in.xx1,18;

320 4197 663 4260 t403Msrtiel.Vl,39,t;
676 4199 829 4260 1x‚93,3;
875 4199 1127 4255 tondendas.
