3108 4986
317 365 381 431 232
592 369 633 432 D.
661 367 799 431 JUNll
827 367 1113 432 tuvuttnuts

315 482 351 549 Si
368 481 500 551 fecisset
517 483 623 568 idem,
641 481 776 550 caderet
792 481 853 549 sub
866 480 981 573 judice
997 506 1140 550 morum.

317 593 403 661 Nam
421 591 510 686 quod
527 607 625 686 turpe
642 591 754 677 bonis,
771 591 860 660 Titio
876 590 1039 684 suoque,
1056 589 1196 662 decebat

315 702 518 795 Crispinum.
535 701 628 790 Quid
644 725 739 796 agas,
757 724 860 795 quum
877 699 950 768 dira
965 712 999 766 et
1015 697 1137 767 foedior
1152 697 1245 767 omni

314 812 463 880 Crimine
481 836 624 905 persona
639 809 710 880 est?
725 807 870 879 Mullum
886 831 944 876 sex
959 807 1107 876 millibus
1122 808 1219 892 emit,
1354 811 1387 866 1⁵

314 922 517 1012 AEquantem
534 945 613 990 sane
630 919 765 1014 paribus
780 917 934 986 sestertia
949 916 1058 1003 libris,
1134 935 1136 943 ’
1155 963 1164 985 ,

315 1029 363 1096 Ut
378 1029 575 1122 perhibent,
593 1030 650 1124 qui
667 1028 710 1097 de
728 1027 859 1122 magnis
874 1024 1004 1117 majora
1020 1023 1214 1119 loquuntur.

315 1137 500 1206 Consilium
516 1137 615 1207 laudo
632 1135 786 1220 artificis,
805 1137 832 1203 si
848 1157 989 1206 munere
1005 1146 1100 1200 tanto

315 1249 522 1342 Praecipuam
538 1249 573 1316 in
589 1245 709 1316 tabulis
725 1269 838 1316 ceram
853 1244 941 1312 senis
957 1241 1093 1312 abstulit
1109 1242 1194 1310 orbi.

315 1360 375 1426 Est
393 1359 479 1426 ratio
495 1357 650 1442 ulterior,
667 1379 797 1451 magnac
813 1354 841 1422 si
856 1354 947 1421 misit
962 1353 1095 1439 amicae,
1355 1371 1389 1412 ²⁰

315 1465 400 1554 Quae
416 1467 552 1535 vehitur
568 1465 680 1536 clauso
697 1464 773 1534 latis
788 1461 1018 1558 specularibus
1033 1477 1140 1532 antro.

365 1575 423 1646 Nil
440 1575 692 1670 taleexspectes
711 1600 719 1642 τ
737 1575 818 1642 emit
832 1574 907 1642 sibi.
925 1572 1039 1661 Multa,
1050 1572 1217 1657 videmus,

317 1683 401 1772 Quse
417 1687 518 1754 miser
534 1700 568 1754 et
582 1684 675 1781 frugi
693 1709 763 1753 non
779 1683 861 1753 fecit
876 1685 1024 1778 Apicius.
1042 1687 1118 1753 Hoc
1132 1698 1168 1752 tu

316 1797 513 1866 Succinctus
529 1797 636 1891 patria
652 1796 838 1891 quondam,
854 1795 1025 1891 Crispina,
1042 1792 1199 1891 papyro?

318 1907 393 1974 Hoc
409 1907 519 1999 pretio
532 1905 700 2001 squamae?
715 1905 829 1974 Potuit
846 1902 984 1973 fortasse
999 1905 1139 1974 minoris
1355 1910 1387 1969 st

319 2014 485 2098 Piscator,
502 2040 602 2108 quam
618 2015 738 2110 piscis,
755 2015 832 2083 emi.
848 2015 1029 2084 Provincia
1045 2014 1128 2084 tanti

319 2241 410 2299 daret.
428 2245 517 2314 Quod
534 2244 611 2301 enim
625 2245 719 2317 Titio,
734 2245 876 2320 Seioque,
892 2243 962 2301 viris
976 2240 1106 2318 optimis,
1126 2241 1199 2298 vitio
1218 2239 1389 2317 gravissimo

319 2334 501 2405 vertebatur,
517 2337 573 2391 hoc
585 2336 739 2410 pulchrum
750 2336 884 2411 Crispino
899 2346 929 2392 et
939 2335 1078 2392 decorum
1092 2331 1166 2390 erat(
1177 2333 1244 2404 Quo
1255 2351 1286 2388 se
1294 2341 1388 2389 vertat

320 2425 458 2500 scriptor,
472 2437 522 2483 aut
530 2427 613 2501 qnod
624 2426 750 2501 primum
760 2427 931 2484 ultimumve
943 2426 1052 2484 crimen
1062 2425 1220 2483 insectetur
1230 2425 1262 2481 in
1273 2445 1325 2496 eo,
1338 2425 1388 2500 qut

319 2517 401 2574 omni
420 2516 529 2594 flagitio
553 2519 656 2575 tetrior
677 2536 710 2575 ac
732 2518 846 2593 turpior
862 2517 927 2575 est?
949 2520 1023 2574 Ecce
1039 2536 1148 2574 nonam
1166 2516 1242 2580 illius
1260 2516 1388 2588 fucinum

228 2595 231 2602 ’
322 2621 434 2685 emptus
451 2611 487 2665 ab
501 2629 537 2667 eo
549 2611 656 2667 mullus
669 2609 724 2666 fuis
736 2629 787 2668 sex
799 2611 927 2667 millibus
942 2629 1111 2680 nummum,
1128 2610 1249 2670 totidem
1259 2611 1387 2685 pendens

321 2701 425 2772 libras,
440 2711 513 2776 quot
527 2712 608 2758 erant
622 2701 698 2776 ipsa,
715 2702 820 2776 quibus
833 2714 947 2777 emptus
962 2714 1020 2774 est,
1035 2702 1181 2772 mertia,
1199 2713 1233 2758 nt
1250 2714 1386 2776 narrum,

321 2792 434 2868 quires
456 2811 572 2869 magnas
593 2793 714 2866 majores
735 2793 828 2850 lacere
851 2792 976 2850 dicendo
1000 2795 1101 2851 solent.
1130 2792 1263 2850 Dicerem
1285 2794 1386 2851 callide

320 2884 428 2942 lactum
441 2897 470 2944 et
483 2886 644 2960 prudenter
655 2884 770 2942 fuissea
787 2885 937 2960 Crispino,
953 2886 977 2942 si
992 2886 1099 2961 piscem
1114 2886 1188 2942 tanti
1203 2886 1332 2957 emisset,
1349 2885 1386 2944 ad

322 2979 490 3052 captandam
503 2979 566 3053 ipso
581 2996 700 3034 munere
715 2977 946 3034 benevolentiam
961 2978 1028 3034 orbi
1042 2977 1199 3053 cujuspiam
1212 2989 1242 3036 at
1256 2978 1386 3053 opulenti

323 3069 410 3141 senis,
426 3081 459 3126 ut
478 3069 589 3144 primus
605 3069 637 3125 in
655 3069 715 3144 ejus
734 3079 903 3126 testamento
922 3069 1004 3126 heres
1026 3068 1209 3126 scriberetur.
1232 3071 1312 3126 Esset
1333 3069 1386 3126 alia

323 3180 440 3236 quoque
458 3162 532 3219 ratio
549 3160 665 3236 potior,
690 3161 712 3218 si
735 3162 869 3220 eumdem
890 3161 996 3237 piscem
1016 3160 1108 3217 nobili
1132 3179 1165 3216 ac
1184 3159 1268 3216 diviti
1289 3160 1386 3216 amica

323 3253 458 3324 misisset,
474 3273 538 3330 qua
555 3255 586 3309 in
602 3253 696 3329 ampla
713 3264 743 3310 et
759 3254 852 3310 clausa
866 3254 930 3310 latis
945 3252 1140 3329 specularibus
1157 3251 1256 3310 lectica
1271 3271 1324 3328 per
1341 3271 1385 3314 ur·

324 3346 390 3402 bem
403 3355 537 3421 gestatur.

365 3454 411 3491 nn.
433 3434 511 3494 Nihil
523 3434 664 3509 ejusmodi
675 3437 711 3491 ab
721 3436 773 3492 illo
782 3435 957 3511 sperandum
970 3444 1031 3492 est:
1047 3432 1096 3490 ille
1108 3432 1165 3489 sibi
1178 3433 1233 3490 soli
1246 3443 1384 3491 mercatus

287 3593 293 3604 .
325 3538 380 3596 eat,
394 3537 423 3583 et
435 3545 492 3586 aua
505 3527 590 3586 unius
603 3527 676 3602 gulae
688 3526 829 3583 rationem
841 3525 950 3582 babuit.
967 3527 1034 3582 Haec
1048 3524 1096 3581 illa
1111 3533 1178 3580 sunt
1191 3523 1267 3580 edita
1281 3525 1384 3582 nostris

324 3620 502 3696 temporibus
514 3619 648 3676 inanditae
662 3619 871 3696 prodigalitatis
886 3629 915 3674 et
933 3618 1018 3674 luxus
1037 3617 1179 3690 exempla,
1195 3635 1258 3690 quae
1271 3616 1308 3671 ab
1323 3615 1387 3690 ipso

324 3711 438 3786 prodita
448 3731 508 3768 non
517 3711 634 3767 luerunt
645 3710 763 3786 Apicio,
775 3709 838 3786 qui,
847 3709 943 3766 sicum
951 3707 1084 3783 Crispino
1091 3717 1295 3782 componatur,
1305 3727 1385 3784 pene

326 3823 427 3878 parcus
443 3823 475 3860 nc
492 3803 609 3878 frugalis
623 3802 786 3860 habebitur.
808 3803 890 3858 Tune
909 3800 965 3857 hoc
982 3817 1065 3856 ausus
1082 3817 1125 3868 es,
1147 3816 1166 3854 o
1186 3798 1336 3873 Crispine?
1353 3811 1385 3862 tn

326 3895 493 3952 vilissimum
506 3895 624 3970 AEgypti
636 3895 824 3970 mancipium,
839 3894 871 3950 in
880 3912 938 3969 qua
948 3891 1084 3952 conlectis
1094 3911 1109 3948 e
1119 3910 1230 3967 papyro
1243 3893 1383 3964 vestibus,

325 3998 450 4044 utunus
469 3988 609 4063 evulgo,
629 3986 808 4058 induebaris3
828 4005 863 4044 eo
885 3997 1022 4061 provecta
1042 3996 1084 4043 est
1102 3983 1244 4062 ingluvies
1266 3997 1330 4056 tun,
1352 3997 1382 4043 ut

325 4096 454 4154 squamas
468 4079 524 4136 hoc
539 4077 656 4139 immani
672 4077 766 4152 pretio
782 4095 979 4154 comparares:
998 4078 1116 4146 sortasse
1128 4075 1252 4136 licuisset
1265 4078 1383 4140 mercari
