3122 4986
348 407 412 472 626
530 406 532 412 ’
617 405 659 470 Ι).
688 401 825 470 JUNII
854 401 1136 468 tuvssttttts

344 517 418 588 Cur
429 515 668 610 Allobrogicis,
684 531 719 585 et
732 539 853 610 magna
871 514 1016 609 gaudent
1030 538 1103 601 ara,

345 631 453 700 Natus
469 629 505 696 in
518 624 688 696 Herculeo
704 625 824 696 Fabius
839 623 925 710 lere,
942 623 970 692 si
985 623 1144 720 cupidus,
1161 621 1189 694 si

344 739 475 824 Vanus,
492 751 527 804 et
539 739 696 830 Euganea
708 735 924 828 quantumvis
936 733 1070 803 mollior
1083 757 1187 828 agne3

343 848 379 916 Si
397 862 550 916 tenerum
565 848 697 916 attritus
712 845 883 915 Catinensi
898 845 1031 939 pumice
1045 843 1195 914 lumbum

342 955 540 1051 Squalentes
555 955 701 1024 traducit
716 978 812 1041 avos;
830 967 1030 1047 emptorque
1045 951 1168 1020 veneni

341 1065 540 1160 Frangenda
557 1065 715 1134 miseram
731 1063 878 1132 funestat
896 1064 1040 1156 imagine
1058 1059 1216 1156 gentem?

342 1178 428 1245 Tota
445 1175 525 1245 licet
540 1191 671 1244 veteres
687 1188 852 1243 exornent
868 1173 1019 1266 undique
1032 1196 1118 1241 cerae

341 1286 451 1370 Atria,
467 1283 623 1372 nobilitas
637 1282 707 1352 sole
723 1298 774 1352 est
788 1297 890 1377 atque
906 1282 1005 1352 unice
1024 1280 1142 1350 virtus.

389 1391 527 1479 Paulus,
543 1390 596 1460 vel
614 1394 752 1478 Cossus,
769 1390 822 1460 vel
840 1393 971 1460 Drusus
986 1388 1136 1460 moribus
1148 1402 1240 1460 esto:

340 1504 411 1572 Hos
425 1499 647 1595 anteeffigies
662 1499 828 1592 majorum
844 1523 933 1594 pone
947 1514 1083 1568 tuorum
1100 1525 1108 1566 :

338 1609 535 1680 Praecedent
551 1609 639 1703 ipses
655 1607 703 1678 illi
718 1623 752 1676 te
767 1607 903 1678 consule
920 1609 1041 1702 virgus.

339 1719 451 1788 Prima
463 1717 546 1786 mihi
562 1717 664 1787 debes
678 1717 781 1789 enimi
797 1717 903 1784 bona:
921 1731 1055 1803 sanetus
1071 1716 1187 1786 heberi

267 1847 269 1852 '
337 1831 356 1897 J
359 1829 545 1924 ustitiaeque
562 1843 660 1898 tenax
679 1827 775 1896 factis
793 1825 958 1920 dictisque
973 1823 1136 1895 mereris?
1375 1845 1407 1896 ss

338 1941 496 2032 Agnosco
510 1961 695 2032 procerem.
710 1936 826 2020 Salve,
843 1935 1025 2021 Gaetulice,
1040 1960 1099 2004 seu
1114 1949 1151 2002 tu

339 2047 489 2133 Silenus,
504 2069 719 2141 quocumque
733 2044 798 2113 elio
814 2043 856 2112 de
872 2043 1051 2138 sanguine!
1071 2067 1164 2113 rurus

337 2277 424 2353 signis
439 2276 595 2333 movebant
606 2286 714 2347 castra,
732 2286 760 2332 et
774 2277 887 2333 hostem
904 2275 1097 2334 invadebant?
1110 2277 1170 2333 Cur
1184 2277 1307 2350 majores
1321 2296 1403 2346 suos,

337 2369 441 2444 quibus
457 2385 619 2444 cognomen
636 2367 857 2443 Allobrogicum
872 2367 977 2424 merito
994 2366 1094 2424 dutum
1108 2376 1166 2437 est,
1179 2366 1268 2441 jactet
1284 2366 1402 2438 Fabius,

337 2461 368 2516 in
381 2459 514 2518 cadomo
526 2469 626 2528 news,
645 2477 709 2532 quae
723 2458 866 2534 originem
879 2458 962 2516 ducit
974 2457 1010 2513 ab
1028 2458 1172 2516 Herculei
1190 2459 1252 2516 Cur
1264 2459 1403 2516 celebrem

335 2571 415 2612 arem
429 2552 523 2610 eidem
535 2551 590 2608 deo
602 2561 813 2620 consecratam,
827 2550 945 2624 ejusque
955 2567 1034 2605 sucre
1044 2567 1101 2606 suae
1110 2550 1223 2606 lumiliae
1232 2550 1403 2608 hereditarie

335 2663 395 2702 esse
407 2644 563 2720 glorietur,
577 2642 602 2699 si
612 2639 783 2716 turpissimis
799 2640 1003 2716 cupiditatibus
1013 2641 1138 2713 deditus,
1151 2643 1176 2700 si
1186 2643 1366 2714 ambitiosus,
1378 2646 1403 2701 si

336 2754 393 2793 ove
401 2734 536 2792 Patavina
545 2732 663 2791 mollior
671 2743 700 2788 et
707 2731 871 2803 delicatior,
886 2731 910 2788 si
921 2733 1027 2792 fractos
1038 2733 1126 2792 nimia
1134 2734 1284 2809 voluptate
1290 2737 1403 2793 lumbos

335 2825 479 2886 Catinensi
491 2824 604 2900 pumice
619 2823 734 2882 attritus
755 2823 862 2898 priscas
881 2842 1003 2880 avorum
1021 2845 1139 2882 suorum
1154 2825 1262 2903 effigies
1280 2825 1404 2885 dedeco-

334 2929 394 2988 ret,
409 2918 434 2974 si
447 2916 590 2974 veneficus
605 2928 703 2991 empto
716 2914 813 2996 toxico
832 2914 946 2980 infernis
961 2916 1063 2976 inserit
1078 2918 1134 2976 illis
1147 2918 1288 2978 funestam
1304 2919 1402 3000 imagi·

333 3023 401 3068 nem
412 3029 507 3078 suern,
518 3008 632 3084 dignam
643 3007 774 3082 profecto
784 3026 862 3082 quae,
873 3008 911 3066 ad
922 3008 1132 3066 obliterandam
1140 3011 1271 3068 scelerati
1278 3013 1402 3070 bominis

333 3101 517 3172 memorium,
532 3101 651 3156 tollatur
664 3119 700 3156 ex
712 3099 764 3156 illo
782 3119 922 3172 numero,
939 3111 968 3160 et
981 3119 1041 3158 uon
1052 3100 1114 3158 sine
1127 3102 1270 3163 dedecore
1281 3104 1402 3162 infelicis

333 3195 464 3265 familie,
485 3193 703 3269 confringatur?
726 3194 864 3262 Quemvis
883 3195 955 3250 atriu
975 3193 1094 3252 vetustis
1112 3213 1128 3252 e
1148 3213 1212 3255 cena
1228 3197 1400 3274 imaginibus

334 3297 395 3346 tote
406 3287 535 3361 undique
551 3285 728 3363 refulgeant,
742 3286 847 3344 insola
863 3297 959 3344 tumen
973 3285 1081 3342 virtute
1093 3287 1186 3360 posite
1199 3288 1331 3344 nobilitas
1344 3300 1400 3346 eet.

373 3397 422 3436 er.
443 3380 547 3436 Paulus
566 3385 648 3448 sane,
668 3379 772 3434 Cossus
787 3379 833 3442 vel
849 3381 958 3436 Drusus
971 3388 1049 3447 esto,
1068 3378 1119 3435 sed
1137 3379 1285 3450 moribus3
1303 3398 1399 3454 neque

333 3491 456 3528 vacuum
475 3471 615 3528 duntaxat
637 3469 755 3528 illorum
779 3489 899 3540 nomen,
923 3470 973 3528 sed
994 3471 1116 3527 virtutes
1137 3485 1327 3546 representa:
1348 3474 1399 3530 bes

297 3601 300 3610 ·
333 3581 456 3631 avorum
468 3574 586 3620 tuorum
601 3561 775 3638 imaginibus
789 3582 945 3638 praepone:
960 3581 993 3618 ac
1011 3563 1035 3618 si
1052 3563 1231 3620 consulatum
1248 3564 1339 3639 geris,
1355 3565 1399 3620 lac

333 3667 368 3714 ut
378 3656 484 3714 eedem
493 3656 548 3711 illae
560 3653 617 3712 sint
627 3653 783 3711 illustriora
796 3665 851 3710 tuae
861 3654 1007 3730 dignitatis
1016 3665 1199 3724 ornamenta,
1214 3675 1302 3730 qnam
1312 3657 1400 3714 fasces

334 3749 489 3807 duodecim
502 3749 552 3824 qui
566 3759 633 3804 ante
649 3749 780 3806 consules
789 3747 896 3822 gestari
911 3749 1020 3816 solent;
1034 3747 1059 3804 si
1074 3746 1133 3804 dici
1142 3747 1249 3804 nobilis
1259 3759 1290 3805 et
1299 3747 1398 3806 baberi

332 3861 351 3898 a
361 3861 409 3900 me
420 3843 516 3919 cupis,
533 3842 621 3904 enimi
631 3841 736 3898 decora
749 3842 955 3916 praeclarosque
968 3841 1049 3898 dotes
1059 3843 1090 3898 in
1103 3853 1131 3898 te
1144 3843 1272 3917 primum
1285 3843 1395 3900 exhibe.

333 3932 366 3989 Si
378 3952 411 3992 ee
426 3953 490 4010 que
502 3922 585 4005 dicis,
604 3953 667 4009 qne
678 3933 746 3992 fecis
753 3975 762 4004 ,
777 3933 850 3990 benc
866 3930 920 3988 tibi
930 3931 997 4006 jure
1008 3932 1122 3990 leudem
1134 3945 1286 4011 arrogant,
1302 3946 1334 3992 ut
1349 3936 1397 3992 vir

334 4023 475 4096 optimus,
486 4036 516 4083 et
524 4025 598 4100 equi
606 4024 833 4090 servantissimus
842 4024 948 4082 merito
956 4025 1072 4096 dicaris,
1083 4025 1211 4084 nobilem
1221 4036 1397 4101 teagnoseos

331 4113 425 4172 saluto
440 4117 626 4178 libentissime
642 4117 812 4192 eppelloque
830 4117 1006 4189 Getulicum,
1024 4128 1073 4174 aut
1089 4117 1234 4190 Silenum,
1255 4129 1302 4174 ant
1321 4135 1399 4192 quo·
1446 4099 1455 4106 ⁵
