<?xml version="1.0" encoding="UTF-8"?>
<!DOCTYPE html PUBLIC "-//W3C//DTD XHTML 1.0 Transitional//EN"
    "http://www.w3.org/TR/xhtml1/DTD/xhtml1-transitional.dtd">
<html xmlns="http://www.w3.org/1999/xhtml" xml:lang="en" lang="en">
 <head>
  <title>
</title>
<meta http-equiv="Content-Type" content="text/html;charset=utf-8" />
  <meta name='ocr-system' content='tesseract 3.04.00' />
  <meta name='ocr-capabilities' content='ocr_page ocr_carea ocr_par ocr_line ocrx_word'/>
</head>
<body>
  <div class='ocr_page' id='page_1' title='image "./sexdecimsatir01lemagoog_0714.png"; bbox 0 0 3122 4986; ppageno 0'>
   <div class='ocr_carea' id='block_1_1' title="bbox 436 347 1295 481">
    <p class='ocr_par' dir='ltr' id='par_1_1' title="bbox 436 347 1295 490">
     <span class='ocr_line' id='line_1_1' title="bbox 436 347 1295 481; baseline -0.002 -19"><span class='ocrx_word' id='word_1_1' title='bbox 436 391 491 463; x_wconf 76' lang='lat' dir='ltr'><strong>na</strong></span> <span class='ocrx_word' id='word_1_2' title='bbox 514 391 749 462; x_wconf 76' lang='lat' dir='ltr'><strong>sariram</strong></span> <span class='ocrx_word' id='word_1_3' title='bbox 771 392 1017 461; x_wconf 73' lang='lat' dir='ltr'><strong>ocrsvau.</strong></span> <span class='ocrx_word' id='word_1_4' title='bbox 1194 370 1266 481; x_wconf 72' lang='lat'><strong>&#39;⁶95</strong></span> <span class='ocrx_word' id='word_1_5' title='bbox 1293 347 1295 352; x_wconf 60' lang='grc'><strong>’</strong></span> 
     </span>
    </p>
   </div>
   <div class='ocr_carea' id='block_1_2' title="bbox 184 493 1271 918">
    <p class='ocr_par' dir='ltr' id='par_1_2' title="bbox 184 493 1271 918">
     <span class='ocr_line' id='line_1_2' title="bbox 187 493 1269 582; baseline 0.002 -23"><span class='ocrx_word' id='word_1_6' title='bbox 187 495 299 582; x_wconf 65' lang='grc' dir='ltr'><strong>ρειτὶιι,Ι</strong></span> <span class='ocrx_word' id='word_1_7' title='bbox 315 509 491 577; x_wconf 84' lang='lat' dir='ltr'><strong>manumisit,</strong></span> <span class='ocrx_word' id='word_1_8' title='bbox 506 519 548 574; x_wconf 88' lang='lat' dir='ltr'><strong>et,</strong></span> <span class='ocrx_word' id='word_1_9' title='bbox 565 493 596 560; x_wconf 88' lang='lat' dir='ltr'><strong>ut</strong></span> <span class='ocrx_word' id='word_1_10' title='bbox 614 504 763 560; x_wconf 80' lang='lat' dir='ltr'><strong>delatorem</strong></span> <span class='ocrx_word' id='word_1_11' title='bbox 781 503 970 575; x_wconf 84' lang='lat' dir='ltr'><strong>dominorum,</strong></span> <span class='ocrx_word' id='word_1_12' title='bbox 987 505 1062 562; x_wconf 88' lang='lat' dir='ltr'><strong>cruci</strong></span> <span class='ocrx_word' id='word_1_13' title='bbox 1078 504 1182 575; x_wconf 84' lang='lat' dir='ltr'><strong>allixit;</strong></span> <span class='ocrx_word' id='word_1_14' title='bbox 1193 507 1269 580; x_wconf 91' lang='lat' dir='ltr'><strong>quod</strong></span> 
     </span>
     <span class='ocr_line' id='line_1_3' title="bbox 186 581 1269 668; baseline 0.002 -24"><span class='ocrx_word' id='word_1_15' title='bbox 186 592 288 646; x_wconf 82' lang='lat' dir='ltr'><strong>factum</strong></span> <span class='ocrx_word' id='word_1_16' title='bbox 302 607 432 650; x_wconf 82' lang='lat' dir='ltr'><strong>matronas</strong></span> <span class='ocrx_word' id='word_1_17' title='bbox 445 594 622 668; x_wconf 86' lang='lat' dir='ltr'><strong>planxerunt,</strong></span> <span class='ocrx_word' id='word_1_18' title='bbox 636 589 700 663; x_wconf 89' lang='lat' dir='ltr'><strong>quia</strong></span> <span class='ocrx_word' id='word_1_19' title='bbox 716 589 828 644; x_wconf 87' lang='lat' dir='ltr'><strong>castitas</strong></span> <span class='ocrx_word' id='word_1_20' title='bbox 841 607 935 644; x_wconf 86' lang='lat' dir='ltr'><strong>earum</strong></span> <span class='ocrx_word' id='word_1_21' title='bbox 948 581 1074 664; x_wconf 85' lang='lat' dir='ltr'><strong>Superbo</strong></span> <span class='ocrx_word' id='word_1_22' title='bbox 1087 590 1139 647; x_wconf 88' lang='lat' dir='ltr'><strong>sub</strong></span> <span class='ocrx_word' id='word_1_23' title='bbox 1151 604 1269 666; x_wconf 80' lang='lat' dir='ltr'><strong>tyranno</strong></span> 
     </span>
     <span class='ocr_line' id='line_1_4' title="bbox 185 676 1269 750; baseline 0 -20"><span class='ocrx_word' id='word_1_24' title='bbox 185 676 241 730; x_wconf 76' lang='lat' dir='ltr'><strong>risu</strong></span> <span class='ocrx_word' id='word_1_25' title='bbox 251 677 423 750; x_wconf 76' lang='lat' dir='ltr'><strong>patiebatur3</strong></span> <span class='ocrx_word' id='word_1_26' title='bbox 439 692 493 733; x_wconf 80' lang='lat' dir='ltr'><strong>vet.</strong></span> <span class='ocrx_word' id='word_1_27' title='bbox 509 676 603 732; x_wconf 91' lang='lat' dir='ltr'><strong>Schol.</strong></span> <span class='ocrx_word' id='word_1_28' title='bbox 614 676 686 728; x_wconf 90' lang='lat' dir='ltr'><strong>Eum</strong></span> <span class='ocrx_word' id='word_1_29' title='bbox 701 684 856 738; x_wconf 89' lang='lat' dir='ltr'><strong>mortuum,</strong></span> <span class='ocrx_word' id='word_1_30' title='bbox 870 684 1010 746; x_wconf 87' lang='lat' dir='ltr'><strong>tamquam</strong></span> <span class='ocrx_word' id='word_1_31' title='bbox 1020 676 1155 744; x_wconf 88' lang='lat' dir='ltr'><strong>uobilem,</strong></span> <span class='ocrx_word' id='word_1_32' title='bbox 1168 694 1269 731; x_wconf 87' lang='lat' dir='ltr'><strong>aunum</strong></span> 
     </span>
     <span class='ocr_line' id='line_1_5' title="bbox 184 757 1271 834; baseline 0.002 -22"><span class='ocrx_word' id='word_1_33' title='bbox 184 773 314 814; x_wconf 78' lang='lat' dir='ltr'><strong>matrona</strong></span> <span class='ocrx_word' id='word_1_34' title='bbox 337 762 484 834; x_wconf 64' lang='lat' dir='ltr'><strong>lugebam</strong></span> <span class='ocrx_word' id='word_1_35' title='bbox 507 762 612 831; x_wconf 76' lang='lat' dir='ltr'><strong>Grang.</strong></span> <span class='ocrx_word' id='word_1_36' title='bbox 638 757 766 810; x_wconf 88' lang='lat' dir='ltr'><strong>Denisius</strong></span> <span class='ocrx_word' id='word_1_37' title='bbox 783 769 811 810; x_wconf 89' lang='lat' dir='ltr'><strong>et</strong></span> <span class='ocrx_word' id='word_1_38' title='bbox 830 757 879 810; x_wconf 84' lang='lat' dir='ltr'><strong>alii</strong></span> <span class='ocrx_word' id='word_1_39' title='bbox 904 757 963 811; x_wconf 75' lang='lat' dir='ltr'><strong>hae</strong></span> <span class='ocrx_word' id='word_1_40' title='bbox 982 761 1067 814; x_wconf 77' lang='lat' dir='ltr'><strong>verba</strong></span> <span class='ocrx_word' id='word_1_41' title='bbox 1090 759 1127 814; x_wconf 89' lang='lat' dir='ltr'><strong>ad</strong></span> <span class='ocrx_word' id='word_1_42' title='bbox 1148 759 1271 814; x_wconf 89' lang='lat' dir='ltr'><strong>dolorem</strong></span> 
     </span>
     <span class='ocr_line' id='line_1_6' title="bbox 184 835 1271 918; baseline 0.002 -24"><span class='ocrx_word' id='word_1_43' title='bbox 184 843 317 908; x_wconf 83' lang='lat' dir='ltr'><strong>referunt,</strong></span> <span class='ocrx_word' id='word_1_44' title='bbox 337 864 418 916; x_wconf 88' lang='lat' dir='ltr'><strong>quem</strong></span> <span class='ocrx_word' id='word_1_45' title='bbox 432 844 565 898; x_wconf 90' lang='lat' dir='ltr'><strong>matribus</strong></span> <span class='ocrx_word' id='word_1_46' title='bbox 584 841 763 896; x_wconf 81' lang='lat' dir='ltr'><strong>commoverit</strong></span> <span class='ocrx_word' id='word_1_47' title='bbox 777 840 880 894; x_wconf 89' lang='lat' dir='ltr'><strong>iudicio</strong></span> <span class='ocrx_word' id='word_1_48' title='bbox 898 835 1007 896; x_wconf 80' lang='lat' dir='ltr'><strong>sceleris</strong></span> <span class='ocrx_word' id='word_1_49' title='bbox 1017 841 1150 910; x_wconf 79' lang='lat' dir='ltr'><strong>liliorum,</strong></span> <span class='ocrx_word' id='word_1_50' title='bbox 1163 845 1212 918; x_wconf 81' lang='lat' dir='ltr'><strong>qui</strong></span> <span class='ocrx_word' id='word_1_51' title='bbox 1230 863 1271 896; x_wconf 89' lang='lat' dir='ltr'><strong>se·</strong></span> 
     </span>
    </p>
   </div>
   <div class='ocr_carea' id='block_1_3' title="bbox 185 919 1308 1000">
    <p class='ocr_par' dir='ltr' id='par_1_3' title="bbox 185 919 1308 1000">
     <span class='ocr_line' id='line_1_7' title="bbox 185 919 1308 1000; baseline 0.002 -22"><span class='ocrx_word' id='word_1_52' title='bbox 185 927 243 978; x_wconf 92' lang='lat' dir='ltr'><strong>curi</strong></span> <span class='ocrx_word' id='word_1_53' title='bbox 258 941 402 1000; x_wconf 87' lang='lat' dir='ltr'><strong>propterea</strong></span> <span class='ocrx_word' id='word_1_54' title='bbox 426 929 547 1000; x_wconf 84' lang='lat' dir='ltr'>percussi</span> <span class='ocrx_word' id='word_1_55' title='bbox 569 925 631 979; x_wconf 89' lang='lat' dir='ltr'><strong>sint.</strong></span> <span class='ocrx_word' id='word_1_56' title='bbox 653 925 799 979; x_wconf 85' lang='lat' dir='ltr'><strong>Enimvero</strong></span> <span class='ocrx_word' id='word_1_57' title='bbox 814 943 890 977; x_wconf 86' lang='lat' dir='ltr'><strong>mens</strong></span> <span class='ocrx_word' id='word_1_58' title='bbox 905 937 991 997; x_wconf 77' lang='lat' dir='ltr'><strong>poetae</strong></span> <span class='ocrx_word' id='word_1_59' title='bbox 1009 925 1068 979; x_wconf 76' lang='lat' dir='ltr'><strong>haec</strong></span> <span class='ocrx_word' id='word_1_60' title='bbox 1088 937 1141 991; x_wconf 85' lang='lat' dir='ltr'><strong>est,</strong></span> <span class='ocrx_word' id='word_1_61' title='bbox 1157 927 1210 981; x_wconf 87' lang='lat' dir='ltr'><strong>nisi</strong></span> <span class='ocrx_word' id='word_1_62' title='bbox 1227 945 1271 980; x_wconf 90' lang='lat' dir='ltr'><strong>me</strong></span> <span class='ocrx_word' id='word_1_63' title='bbox 1303 919 1308 926; x_wconf 59' lang='grc'><em>”</em></span> 
     </span>
    </p>
   </div>
   <div class='ocr_carea' id='block_1_4' title="bbox 184 1009 1284 1338">
    <p class='ocr_par' dir='ltr' id='par_1_4' title="bbox 184 1009 1284 1338">
     <span class='ocr_line' id='line_1_8' title="bbox 185 1009 1284 1080; baseline 0.003 -19"><span class='ocrx_word' id='word_1_64' title='bbox 185 1011 277 1064; x_wconf 87' lang='lat' dir='ltr'><strong>omnia</strong></span> <span class='ocrx_word' id='word_1_65' title='bbox 295 1012 412 1078; x_wconf 80' lang='lat' dir='ltr'><strong>fallunt,</strong></span> <span class='ocrx_word' id='word_1_66' title='bbox 432 1011 540 1066; x_wconf 82' lang='lat' dir='ltr'><strong>servum</strong></span> <span class='ocrx_word' id='word_1_67' title='bbox 558 1011 653 1076; x_wconf 90' lang='lat' dir='ltr'><strong>illum,</strong></span> <span class='ocrx_word' id='word_1_68' title='bbox 671 1009 766 1080; x_wconf 79' lang='lat' dir='ltr'><strong>patrio</strong></span> <span class='ocrx_word' id='word_1_69' title='bbox 790 1022 970 1072; x_wconf 79' lang='lat' dir='ltr'><strong>servatorem,</strong></span> <span class='ocrx_word' id='word_1_70' title='bbox 994 1028 1050 1062; x_wconf 90' lang='lat' dir='ltr'><strong>non</strong></span> <span class='ocrx_word' id='word_1_71' title='bbox 1074 1009 1165 1063; x_wconf 91' lang='lat' dir='ltr'><strong>miuus</strong></span> <span class='ocrx_word' id='word_1_72' title='bbox 1187 1011 1284 1066; x_wconf 77' lang='lat' dir='ltr'><strong>fuisse·</strong></span> 
     </span>
     <span class='ocr_line' id='line_1_9' title="bbox 184 1091 1268 1170; baseline 0.004 -24"><span class='ocrx_word' id='word_1_73' title='bbox 184 1091 310 1164; x_wconf 85' lang='lat' dir='ltr'><strong>dignum,</strong></span> <span class='ocrx_word' id='word_1_74' title='bbox 324 1097 371 1167; x_wconf 90' lang='lat' dir='ltr'><strong>qui</strong></span> <span class='ocrx_word' id='word_1_75' title='bbox 389 1115 404 1150; x_wconf 91' lang='lat' dir='ltr'><strong>a</strong></span> <span class='ocrx_word' id='word_1_76' title='bbox 422 1095 553 1149; x_wconf 90' lang='lat' dir='ltr'><strong>matronis</strong></span> <span class='ocrx_word' id='word_1_77' title='bbox 568 1094 707 1166; x_wconf 76' lang='lat' dir='ltr'><strong>lugeretur</strong></span> <span class='ocrx_word' id='word_1_78' title='bbox 719 1106 781 1165; x_wconf 88' lang='lat' dir='ltr'><strong>post</strong></span> <span class='ocrx_word' id='word_1_79' title='bbox 797 1107 930 1160; x_wconf 86' lang='lat' dir='ltr'><strong>mortem,</strong></span> <span class='ocrx_word' id='word_1_80' title='bbox 944 1113 1027 1167; x_wconf 85' lang='lat' dir='ltr'><strong>quam</strong></span> <span class='ocrx_word' id='word_1_81' title='bbox 1041 1095 1174 1161; x_wconf 82' lang='lat' dir='ltr'>Brutum,</span> <span class='ocrx_word' id='word_1_82' title='bbox 1188 1115 1268 1170; x_wconf 88' lang='lat' dir='ltr'><strong>quem</strong></span> 
     </span>
     <span class='ocr_line' id='line_1_10' title="bbox 185 1177 1269 1253; baseline 0.001 -23"><span class='ocrx_word' id='word_1_83' title='bbox 185 1197 302 1244; x_wconf 88' lang='lat' dir='ltr'><strong>anuum,</strong></span> <span class='ocrx_word' id='word_1_84' title='bbox 319 1192 351 1232; x_wconf 87' lang='lat' dir='ltr'><strong>ut</strong></span> <span class='ocrx_word' id='word_1_85' title='bbox 370 1193 525 1252; x_wconf 86' lang='lat' dir='ltr'><strong>parentem,</strong></span> <span class='ocrx_word' id='word_1_86' title='bbox 539 1179 671 1243; x_wconf 87' lang='lat' dir='ltr'><strong>luxerint,</strong></span> <span class='ocrx_word' id='word_1_87' title='bbox 683 1177 759 1252; x_wconf 86' lang='lat' dir='ltr'><strong>quod</strong></span> <span class='ocrx_word' id='word_1_88' title='bbox 776 1191 903 1234; x_wconf 80' lang='lat' dir='ltr'><strong>tumacer</strong></span> <span class='ocrx_word' id='word_1_89' title='bbox 918 1179 994 1232; x_wconf 89' lang='lat' dir='ltr'><strong>ultor</strong></span> <span class='ocrx_word' id='word_1_90' title='bbox 1010 1178 1119 1234; x_wconf 77' lang='lat' dir='ltr'><strong>violatae</strong></span> <span class='ocrx_word' id='word_1_91' title='bbox 1130 1177 1269 1253; x_wconf 67' lang='lat' dir='ltr'><strong>pudicitia·</strong></span> 
     </span>
     <span class='ocr_line' id='line_1_11' title="bbox 184 1263 670 1338; baseline 0.002 -21"><span class='ocrx_word' id='word_1_92' title='bbox 184 1263 292 1326; x_wconf 70' lang='lat' dir='ltr'><strong>suisseta</strong></span> <span class='ocrx_word' id='word_1_93' title='bbox 305 1264 405 1338; x_wconf 88' lang='lat' dir='ltr'><strong>dequo</strong></span> <span class='ocrx_word' id='word_1_94' title='bbox 421 1265 485 1321; x_wconf 78' lang='lat' dir='ltr'><strong>vide</strong></span> <span class='ocrx_word' id='word_1_95' title='bbox 502 1267 562 1320; x_wconf 82' lang='lat' dir='ltr'><strong>Liv.</strong></span> <span class='ocrx_word' id='word_1_96' title='bbox 582 1268 628 1332; x_wconf 90' lang='lat'><strong>11,</strong></span> <span class='ocrx_word' id='word_1_97' title='bbox 645 1284 670 1337; x_wconf 89' lang='lat'><strong>7.</strong></span> 
     </span>
    </p>
   </div>
   <div class='ocr_carea' id='block_1_5' title="bbox 182 1378 1270 1649">
    <p class='ocr_par' dir='ltr' id='par_1_5' title="bbox 182 1378 1270 1649">
     <span class='ocr_line' id='line_1_12' title="bbox 217 1378 1270 1475; baseline 0.003 -18"><span class='ocrx_word' id='word_1_98' title='bbox 217 1413 286 1462; x_wconf 68' lang='lat' dir='ltr'><strong>vis.</strong></span> <span class='ocrx_word' id='word_1_99' title='bbox 306 1413 365 1461; x_wconf 76' lang='lat'><strong>268.</strong></span> <span class='ocrx_word' id='word_1_100' title='bbox 384 1414 443 1461; x_wconf 77' lang='lat' dir='ltr'><strong>Haec</strong></span> <span class='ocrx_word' id='word_1_101' title='bbox 456 1412 532 1462; x_wconf 81' lang='lat' dir='ltr'><strong>verba</strong></span> <span class='ocrx_word' id='word_1_102' title='bbox 544 1413 651 1461; x_wconf 83' lang='lat' dir='ltr'><strong>lorssna</strong></span> <span class='ocrx_word' id='word_1_103' title='bbox 664 1409 772 1460; x_wconf 84' lang='lat' dir='ltr'><strong>librariis</strong></span> <span class='ocrx_word' id='word_1_104' title='bbox 783 1411 940 1475; x_wconf 79' lang='lat' dir='ltr'><strong>transposita,</strong></span> <span class='ocrx_word' id='word_1_105' title='bbox 949 1420 974 1459; x_wconf 85' lang='lat' dir='ltr'><strong>et</strong></span> <span class='ocrx_word' id='word_1_106' title='bbox 983 1410 1012 1458; x_wconf 87' lang='lat' dir='ltr'><strong>in</strong></span> <span class='ocrx_word' id='word_1_107' title='bbox 1023 1407 1092 1459; x_wconf 87' lang='lat' dir='ltr'><strong>hune</strong></span> <span class='ocrx_word' id='word_1_108' title='bbox 1103 1378 1219 1460; x_wconf 79' lang='lat' dir='ltr'><strong>ordinem</strong></span> <span class='ocrx_word' id='word_1_109' title='bbox 1228 1425 1270 1460; x_wconf 87' lang='lat' dir='ltr'><strong>rs·</strong></span> 
     </span>
     <span class='ocr_line' id='line_1_13' title="bbox 183 1492 1270 1564; baseline 0 -20"><span class='ocrx_word' id='word_1_110' title='bbox 183 1496 306 1561; x_wconf 79' lang='lat' dir='ltr'><strong>digenda:</strong></span> <span class='ocrx_word' id='word_1_111' title='bbox 315 1508 343 1544; x_wconf 86' lang='lat' dir='ltr'><strong>at</strong></span> <span class='ocrx_word' id='word_1_112' title='bbox 353 1497 407 1546; x_wconf 84' lang='lat' dir='ltr'><strong>illos</strong></span> <span class='ocrx_word' id='word_1_113' title='bbox 416 1499 524 1546; x_wconf 80' lang='lat' dir='ltr'><strong>verbera</strong></span> <span class='ocrx_word' id='word_1_114' title='bbox 530 1496 604 1564; x_wconf 86' lang='lat' dir='ltr'><strong>justis</strong></span> <span class='ocrx_word' id='word_1_115' title='bbox 614 1494 737 1564; x_wconf 74' lang='lat' dir='ltr'><strong>Afficiunt</strong></span> <span class='ocrx_word' id='word_1_116' title='bbox 749 1495 830 1560; x_wconf 78' lang='lat' dir='ltr'><strong>legum</strong></span> <span class='ocrx_word' id='word_1_117' title='bbox 835 1492 919 1560; x_wconf 80' lang='lat' dir='ltr'><strong>parnis</strong></span> <span class='ocrx_word' id='word_1_118' title='bbox 929 1505 953 1544; x_wconf 86' lang='lat' dir='ltr'><strong>et</strong></span> <span class='ocrx_word' id='word_1_119' title='bbox 959 1493 1043 1561; x_wconf 78' lang='lat' dir='ltr'><strong>prima</strong></span> <span class='ocrx_word' id='word_1_120' title='bbox 1051 1494 1149 1556; x_wconf 77' lang='lat' dir='ltr'><strong>securis,</strong></span> <span class='ocrx_word' id='word_1_121' title='bbox 1160 1495 1211 1544; x_wconf 87' lang='lat' dir='ltr'><strong>hoe</strong></span> <span class='ocrx_word' id='word_1_122' title='bbox 1220 1505 1270 1555; x_wconf 83' lang='lat' dir='ltr'><strong>cst,</strong></span> 
     </span>
     <span class='ocr_line' id='line_1_14' title="bbox 182 1579 880 1649; baseline -0.003 -19"><span class='ocrx_word' id='word_1_123' title='bbox 182 1583 291 1648; x_wconf 88' lang='lat' dir='ltr'><strong>primum</strong></span> <span class='ocrx_word' id='word_1_124' title='bbox 301 1583 330 1632; x_wconf 92' lang='lat' dir='ltr'><strong>in</strong></span> <span class='ocrx_word' id='word_1_125' title='bbox 340 1584 418 1634; x_wconf 85' lang='lat' dir='ltr'><strong>libera</strong></span> <span class='ocrx_word' id='word_1_126' title='bbox 431 1584 558 1649; x_wconf 79' lang='lat' dir='ltr'><strong>republica</strong></span> <span class='ocrx_word' id='word_1_127' title='bbox 567 1583 685 1632; x_wconf 80' lang='lat' dir='ltr'><strong>adversus</strong></span> <span class='ocrx_word' id='word_1_128' title='bbox 694 1595 751 1630; x_wconf 88' lang='lat' dir='ltr'><strong>reos</strong></span> <span class='ocrx_word' id='word_1_129' title='bbox 760 1579 880 1628; x_wconf 85' lang='lat' dir='ltr'><strong>adhibita.</strong></span> 
     </span>
    </p>
   </div>
   <div class='ocr_carea' id='block_1_6' title="bbox 181 1673 1270 2834">
    <p class='ocr_par' dir='ltr' id='par_1_6' title="bbox 181 1673 1270 2834">
     <span class='ocr_line' id='line_1_15' title="bbox 218 1673 1270 1747; baseline 0 -19"><span class='ocrx_word' id='word_1_130' title='bbox 218 1676 291 1728; x_wconf 89' lang='lat' dir='ltr'><strong>Nor.</strong></span> <span class='ocrx_word' id='word_1_131' title='bbox 310 1677 371 1730; x_wconf 79' lang='lat'><strong>268.</strong></span> <span class='ocrx_word' id='word_1_132' title='bbox 391 1681 483 1746; x_wconf 77' lang='lat' dir='ltr'><strong>Legum</strong></span> <span class='ocrx_word' id='word_1_133' title='bbox 494 1679 579 1744; x_wconf 80' lang='lat' dir='ltr'><strong>prima</strong></span> <span class='ocrx_word' id='word_1_134' title='bbox 592 1679 683 1728; x_wconf 82' lang='lat' dir='ltr'><strong>securis</strong></span> <span class='ocrx_word' id='word_1_135' title='bbox 688 1697 700 1737; x_wconf 93' lang='lat'><strong>,·</strong></span> <span class='ocrx_word' id='word_1_136' title='bbox 714 1675 831 1741; x_wconf 85' lang='lat' dir='ltr'><strong>securis,</strong></span> <span class='ocrx_word' id='word_1_137' title='bbox 843 1693 900 1747; x_wconf 88' lang='lat' dir='ltr'><strong>qua</strong></span> <span class='ocrx_word' id='word_1_138' title='bbox 913 1675 987 1746; x_wconf 84' lang='lat' dir='ltr'><strong>leges</strong></span> <span class='ocrx_word' id='word_1_139' title='bbox 1002 1673 1039 1727; x_wconf 87' lang='lat' dir='ltr'><strong>ad</strong></span> <span class='ocrx_word' id='word_1_140' title='bbox 1053 1673 1197 1747; x_wconf 86' lang='lat' dir='ltr'><strong>pristinam</strong></span> <span class='ocrx_word' id='word_1_141' title='bbox 1212 1673 1270 1729; x_wconf 81' lang='lat' dir='ltr'><strong>vim</strong></span> 
     </span>
     <span class='ocr_line' id='line_1_16' title="bbox 182 1756 1268 1832; baseline 0.002 -22"><span class='ocrx_word' id='word_1_142' title='bbox 182 1756 315 1823; x_wconf 77' lang='lat' dir='ltr'><strong>reductae,</strong></span> <span class='ocrx_word' id='word_1_143' title='bbox 325 1759 444 1831; x_wconf 88' lang='lat' dir='ltr'><strong>primum</strong></span> <span class='ocrx_word' id='word_1_144' title='bbox 454 1759 482 1811; x_wconf 91' lang='lat' dir='ltr'><strong>in</strong></span> <span class='ocrx_word' id='word_1_145' title='bbox 492 1759 578 1812; x_wconf 86' lang='lat' dir='ltr'><strong>libera</strong></span> <span class='ocrx_word' id='word_1_146' title='bbox 587 1759 731 1832; x_wconf 78' lang='lat' dir='ltr'><strong>republica</strong></span> <span class='ocrx_word' id='word_1_147' title='bbox 738 1758 867 1814; x_wconf 81' lang='lat' dir='ltr'><strong>adversus</strong></span> <span class='ocrx_word' id='word_1_148' title='bbox 876 1777 937 1811; x_wconf 89' lang='lat' dir='ltr'><strong>reos</strong></span> <span class='ocrx_word' id='word_1_149' title='bbox 944 1771 971 1812; x_wconf 93' lang='lat' dir='ltr'><strong>et</strong></span> <span class='ocrx_word' id='word_1_150' title='bbox 981 1758 1120 1812; x_wconf 90' lang='lat' dir='ltr'><strong>malelicos</strong></span> <span class='ocrx_word' id='word_1_151' title='bbox 1131 1777 1187 1811; x_wconf 80' lang='lat' dir='ltr'><strong>usse</strong></span> <span class='ocrx_word' id='word_1_152' title='bbox 1195 1771 1268 1812; x_wconf 75' lang='lat' dir='ltr'><strong>sunt</strong></span> 
     </span>
     <span class='ocr_line' id='line_1_17' title="bbox 183 1841 1269 1916; baseline 0.003 -23"><span class='ocrx_word' id='word_1_153' title='bbox 183 1841 273 1906; x_wconf 74' lang='lat' dir='ltr'><strong>«Quia</strong></span> <span class='ocrx_word' id='word_1_154' title='bbox 286 1843 493 1913; x_wconf 87' lang='lat' dir='ltr'><strong>tuncprimum‚</strong></span> <span class='ocrx_word' id='word_1_155' title='bbox 506 1842 656 1897; x_wconf 84' lang='lat' dir='ltr'><strong>secundum</strong></span> <span class='ocrx_word' id='word_1_156' title='bbox 665 1844 752 1916; x_wconf 81' lang='lat' dir='ltr'><strong>leges,</strong></span> <span class='ocrx_word' id='word_1_157' title='bbox 765 1843 891 1898; x_wconf 86' lang='lat' dir='ltr'><strong>inlibera</strong></span> <span class='ocrx_word' id='word_1_158' title='bbox 905 1843 1049 1914; x_wconf 80' lang='lat' dir='ltr'><strong>republica</strong></span> <span class='ocrx_word' id='word_1_159' title='bbox 1058 1842 1225 1915; x_wconf 89' lang='lat' dir='ltr'><strong>supplicium</strong></span> <span class='ocrx_word' id='word_1_160' title='bbox 1234 1841 1269 1896; x_wconf 88' lang='lat' dir='ltr'><strong>de</strong></span> 
     </span>
     <span class='ocr_line' id='line_1_18' title="bbox 182 1923 1268 2000; baseline 0.002 -22"><span class='ocrx_word' id='word_1_161' title='bbox 182 1925 307 1979; x_wconf 87' lang='lat' dir='ltr'><strong>sontibus</strong></span> <span class='ocrx_word' id='word_1_162' title='bbox 321 1941 458 2000; x_wconf 90' lang='lat' dir='ltr'><strong>sumptum</strong></span> <span class='ocrx_word' id='word_1_163' title='bbox 477 1927 543 1992; x_wconf 84' lang='lat' dir='ltr'><strong>fuit,</strong></span> <span class='ocrx_word' id='word_1_164' title='bbox 563 1947 647 2000; x_wconf 85' lang='lat' dir='ltr'><strong>quum</strong></span> <span class='ocrx_word' id='word_1_165' title='bbox 659 1941 737 1982; x_wconf 90' lang='lat' dir='ltr'><strong>antea</strong></span> <span class='ocrx_word' id='word_1_166' title='bbox 751 1946 847 2000; x_wconf 77' lang='lat' dir='ltr'><strong>regum</strong></span> <span class='ocrx_word' id='word_1_167' title='bbox 862 1923 977 1980; x_wconf 83' lang='lat' dir='ltr'><strong>arbitrio</strong></span> <span class='ocrx_word' id='word_1_168' title='bbox 987 1929 1031 1999; x_wconf 86' lang='lat' dir='ltr'><strong>jus</strong></span> <span class='ocrx_word' id='word_1_169' title='bbox 1043 1923 1268 1981; x_wconf 63' lang='lat' dir='ltr'><strong>omne‘contineri</strong></span> 
     </span>
     <span class='ocr_line' id='line_1_19' title="bbox 182 2007 1268 2082; baseline 0 -20"><span class='ocrx_word' id='word_1_170' title='bbox 182 2007 332 2076; x_wconf 81' lang='lat' dir='ltr'><strong>videretur;</strong></span> <span class='ocrx_word' id='word_1_171' title='bbox 346 2037 357 2058; x_wconf 71' lang='grc' dir='ltr'>ι</span> <span class='ocrx_word' id='word_1_172' title='bbox 368 2012 435 2064; x_wconf 77' lang='lat' dir='ltr'><strong>sch.</strong></span> <span class='ocrx_word' id='word_1_173' title='bbox 450 2009 505 2064; x_wconf 87' lang='lat' dir='ltr'><strong>Sed</strong></span> <span class='ocrx_word' id='word_1_174' title='bbox 521 2028 571 2064; x_wconf 90' lang='lat' dir='ltr'><strong>nec</strong></span> <span class='ocrx_word' id='word_1_175' title='bbox 589 2011 646 2078; x_wconf 81' lang='lat' dir='ltr'><strong>hae,</strong></span> <span class='ocrx_word' id='word_1_176' title='bbox 658 2029 709 2064; x_wconf 88' lang='lat' dir='ltr'><strong>uec</strong></span> <span class='ocrx_word' id='word_1_177' title='bbox 723 2011 782 2064; x_wconf 81' lang='lat' dir='ltr'><strong>aliu</strong></span> <span class='ocrx_word' id='word_1_178' title='bbox 796 2008 994 2082; x_wconf 90' lang='lat' dir='ltr'><strong>interpretandi</strong></span> <span class='ocrx_word' id='word_1_179' title='bbox 1005 2009 1125 2063; x_wconf 88' lang='lat' dir='ltr'><strong>rationes</strong></span> <span class='ocrx_word' id='word_1_180' title='bbox 1140 2007 1268 2064; x_wconf 89' lang='lat' dir='ltr'><strong>omnibus</strong></span> 
     </span>
     <span class='ocr_line' id='line_1_20' title="bbox 183 2091 1270 2166; baseline 0 -20"><span class='ocrx_word' id='word_1_181' title='bbox 183 2093 358 2148; x_wconf 73' lang='lat' dir='ltr'><strong>satisfacient.</strong></span> <span class='ocrx_word' id='word_1_182' title='bbox 372 2094 453 2146; x_wconf 83' lang='lat' dir='ltr'><strong>Couf.</strong></span> <span class='ocrx_word' id='word_1_183' title='bbox 473 2095 539 2147; x_wconf 89' lang='lat' dir='ltr'><strong>Var.</strong></span> <span class='ocrx_word' id='word_1_184' title='bbox 559 2094 652 2160; x_wconf 75' lang='lat' dir='ltr'><strong>Leot.¹</strong></span> <span class='ocrx_word' id='word_1_185' title='bbox 665 2091 748 2147; x_wconf 86' lang='lat' dir='ltr'><strong>Unde</strong></span> <span class='ocrx_word' id='word_1_186' title='bbox 764 2112 829 2149; x_wconf 80' lang='lat' dir='ltr'><strong>vero</strong></span> <span class='ocrx_word' id='word_1_187' title='bbox 843 2092 947 2146; x_wconf 82' lang='lat' dir='ltr'><strong>iactum</strong></span> <span class='ocrx_word' id='word_1_188' title='bbox 964 2093 1013 2158; x_wconf 89' lang='lat' dir='ltr'><strong>sit,</strong></span> <span class='ocrx_word' id='word_1_189' title='bbox 1033 2106 1065 2146; x_wconf 90' lang='lat' dir='ltr'><strong>ut</strong></span> <span class='ocrx_word' id='word_1_190' title='bbox 1086 2092 1198 2166; x_wconf 86' lang='lat' dir='ltr'><strong>antiquo</strong></span> <span class='ocrx_word' id='word_1_191' title='bbox 1207 2095 1270 2165; x_wconf 86' lang='lat' dir='ltr'><strong>jure</strong></span> 
     </span>
     <span class='ocr_line' id='line_1_21' title="bbox 181 2174 1268 2248; baseline 0.001 -20"><span class='ocrx_word' id='word_1_192' title='bbox 181 2176 293 2248; x_wconf 87' lang='lat' dir='ltr'><strong>publico</strong></span> <span class='ocrx_word' id='word_1_193' title='bbox 312 2179 437 2229; x_wconf 82' lang='lat' dir='ltr'><strong>Romano</strong></span> <span class='ocrx_word' id='word_1_194' title='bbox 454 2189 517 2229; x_wconf 88' lang='lat' dir='ltr'><strong>ante</strong></span> <span class='ocrx_word' id='word_1_195' title='bbox 534 2195 616 2248; x_wconf 88' lang='lat' dir='ltr'><strong>quam</strong></span> <span class='ocrx_word' id='word_1_196' title='bbox 629 2176 690 2248; x_wconf 87' lang='lat' dir='ltr'><strong>quis</strong></span> <span class='ocrx_word' id='word_1_197' title='bbox 710 2175 800 2229; x_wconf 87' lang='lat' dir='ltr'><strong>securi</strong></span> <span class='ocrx_word' id='word_1_198' title='bbox 811 2175 953 2241; x_wconf 76' lang='lat' dir='ltr'><strong>feriretur,</strong></span> <span class='ocrx_word' id='word_1_199' title='bbox 966 2175 1051 2248; x_wconf 82' lang='lat' dir='ltr'><strong>virgis</strong></span> <span class='ocrx_word' id='word_1_200' title='bbox 1070 2174 1138 2229; x_wconf 74' lang='lat' dir='ltr'><strong>cardi</strong></span> <span class='ocrx_word' id='word_1_201' title='bbox 1151 2175 1268 2241; x_wconf 82' lang='lat' dir='ltr'><strong>soleret,</strong></span> 
     </span>
     <span class='ocr_line' id='line_1_22' title="bbox 183 2260 1268 2334; baseline 0.001 -20"><span class='ocrx_word' id='word_1_202' title='bbox 183 2260 265 2314; x_wconf 88' lang='lat' dir='ltr'><strong>docet</strong></span> <span class='ocrx_word' id='word_1_203' title='bbox 274 2260 385 2334; x_wconf 83' lang='lat' dir='ltr'><strong>Heyne,</strong></span> <span class='ocrx_word' id='word_1_204' title='bbox 398 2263 501 2334; x_wconf 88' lang='lat' dir='ltr'><strong>Opusc.</strong></span> <span class='ocrx_word' id='word_1_205' title='bbox 511 2260 594 2314; x_wconf 78' lang='lat' dir='ltr'><strong>Acad.</strong></span> <span class='ocrx_word' id='word_1_206' title='bbox 603 2281 630 2315; x_wconf 81' lang='lat' dir='ltr'><strong>v.</strong></span> <span class='ocrx_word' id='word_1_207' title='bbox 641 2261 685 2312; x_wconf 88' lang='lat'><strong>111</strong></span> <span class='ocrx_word' id='word_1_208' title='bbox 693 2299 701 2325; x_wconf 91' lang='lat'><strong>,</strong></span> <span class='ocrx_word' id='word_1_209' title='bbox 709 2279 736 2332; x_wconf 91' lang='lat' dir='ltr'><strong>p.</strong></span> <span class='ocrx_word' id='word_1_210' title='bbox 749 2261 899 2329; x_wconf 83' lang='lat'>189-193‚</span> <span class='ocrx_word' id='word_1_211' title='bbox 907 2261 956 2313; x_wconf 92' lang='lat' dir='ltr'><strong>ubi</strong></span> <span class='ocrx_word' id='word_1_212' title='bbox 968 2261 1129 2333; x_wconf 86' lang='lat' dir='ltr'><strong>suspicatur,</strong></span> <span class='ocrx_word' id='word_1_213' title='bbox 1137 2260 1268 2315; x_wconf 90' lang='lat' dir='ltr'><strong>leniorem</strong></span> 
     </span>
     <span class='ocr_line' id='line_1_23' title="bbox 184 2343 1268 2418; baseline 0.003 -22"><span class='ocrx_word' id='word_1_214' title='bbox 184 2343 330 2407; x_wconf 88' lang='lat' dir='ltr'><strong>rationem,</strong></span> <span class='ocrx_word' id='word_1_215' title='bbox 343 2355 373 2396; x_wconf 91' lang='lat' dir='ltr'><strong>ut</strong></span> <span class='ocrx_word' id='word_1_216' title='bbox 384 2343 471 2397; x_wconf 88' lang='lat' dir='ltr'><strong>securi</strong></span> <span class='ocrx_word' id='word_1_217' title='bbox 483 2355 671 2415; x_wconf 85' lang='lat' dir='ltr'><strong>percuteretur</strong></span> <span class='ocrx_word' id='word_1_218' title='bbox 679 2362 740 2396; x_wconf 88' lang='lat' dir='ltr'><strong>reus</strong></span> <span class='ocrx_word' id='word_1_219' title='bbox 751 2343 954 2412; x_wconf 82' lang='lat' dir='ltr'><strong>condemnatus,</strong></span> <span class='ocrx_word' id='word_1_220' title='bbox 966 2357 1112 2418; x_wconf 85' lang='lat' dir='ltr'><strong>antequam</strong></span> <span class='ocrx_word' id='word_1_221' title='bbox 1122 2344 1173 2397; x_wconf 89' lang='lat' dir='ltr'><strong>sub</strong></span> <span class='ocrx_word' id='word_1_222' title='bbox 1184 2343 1268 2417; x_wconf 80' lang='lat' dir='ltr'><strong>virgis</strong></span> 
     </span>
     <span class='ocr_line' id='line_1_24' title="bbox 184 2411 1268 2502; baseline 0 -22"><span class='ocrx_word' id='word_1_223' title='bbox 184 2411 345 2498; x_wconf 72' lang='lat' dir='ltr'><strong>exspiro&#39;ret,</strong></span> <span class='ocrx_word' id='word_1_224' title='bbox 363 2426 524 2480; x_wconf 75' lang='lat' dir='ltr'><strong>successisse</strong></span> <span class='ocrx_word' id='word_1_225' title='bbox 542 2425 675 2479; x_wconf 91' lang='lat' dir='ltr'><strong>inlocum</strong></span> <span class='ocrx_word' id='word_1_226' title='bbox 688 2427 808 2499; x_wconf 83' lang='lat' dir='ltr'><strong>pristinae</strong></span> <span class='ocrx_word' id='word_1_227' title='bbox 825 2428 989 2493; x_wconf 86' lang='lat' dir='ltr'><strong>atrocitatis,</strong></span> <span class='ocrx_word' id='word_1_228' title='bbox 1008 2447 1063 2502; x_wconf 87' lang='lat' dir='ltr'><strong>qua</strong></span> <span class='ocrx_word' id='word_1_229' title='bbox 1077 2429 1123 2481; x_wconf 91' lang='lat' dir='ltr'><strong>ille</strong></span> <span class='ocrx_word' id='word_1_230' title='bbox 1134 2427 1221 2500; x_wconf 75' lang='lat' dir='ltr'><strong>virgis</strong></span> <span class='ocrx_word' id='word_1_231' title='bbox 1231 2426 1268 2482; x_wconf 88' lang='lat' dir='ltr'><strong>ad</strong></span> 
     </span>
     <span class='ocr_line' id='line_1_25' title="bbox 181 2511 1269 2585; baseline 0.001 -20"><span class='ocrx_word' id='word_1_232' title='bbox 181 2523 296 2566; x_wconf 87' lang='lat' dir='ltr'><strong>mortem</strong></span> <span class='ocrx_word' id='word_1_233' title='bbox 308 2529 391 2564; x_wconf 77' lang='lat' dir='ltr'><strong>casus</strong></span> <span class='ocrx_word' id='word_1_234' title='bbox 405 2512 448 2565; x_wconf 91' lang='lat' dir='ltr'><strong>sit.</strong></span> <span class='ocrx_word' id='word_1_235' title='bbox 456 2543 491 2553; x_wconf 94' lang='lat'><em>-</em></span> <span class='ocrx_word' id='word_1_236' title='bbox 500 2511 586 2564; x_wconf 78' lang='lat' dir='ltr'><strong>Aliam</strong></span> <span class='ocrx_word' id='word_1_237' title='bbox 598 2529 707 2583; x_wconf 88' lang='lat' dir='ltr'><strong>quoque</strong></span> <span class='ocrx_word' id='word_1_238' title='bbox 720 2511 864 2585; x_wconf 86' lang='lat' dir='ltr'><strong>locibujus</strong></span> <span class='ocrx_word' id='word_1_239' title='bbox 874 2512 1033 2585; x_wconf 88' lang='lat' dir='ltr'><strong>explicandi</strong></span> <span class='ocrx_word' id='word_1_240' title='bbox 1044 2512 1176 2564; x_wconf 86' lang='lat' dir='ltr'><strong>rationem</strong></span> <span class='ocrx_word' id='word_1_241' title='bbox 1186 2511 1269 2566; x_wconf 79' lang='lat' dir='ltr'><strong>affert</strong></span> 
     </span>
     <span class='ocr_line' id='line_1_26' title="bbox 183 2593 1268 2668; baseline 0.002 -20"><span class='ocrx_word' id='word_1_242' title='bbox 183 2596 347 2660; x_wconf 81' lang='lat' dir='ltr'><strong>Juvencius,</strong></span> <span class='ocrx_word' id='word_1_243' title='bbox 366 2595 411 2648; x_wconf 90' lang='lat' dir='ltr'><strong>cui</strong></span> <span class='ocrx_word' id='word_1_244' title='bbox 432 2593 541 2650; x_wconf 87' lang='lat' dir='ltr'><strong>videtur</strong></span> <span class='ocrx_word' id='word_1_245' title='bbox 560 2595 674 2662; x_wconf 89' lang='lat' dir='ltr'><strong>securis,</strong></span> <span class='ocrx_word' id='word_1_246' title='bbox 693 2595 737 2649; x_wconf 87' lang='lat' dir='ltr'><strong>vel</strong></span> <span class='ocrx_word' id='word_1_247' title='bbox 756 2597 829 2668; x_wconf 85' lang='lat' dir='ltr'><strong>justa</strong></span> <span class='ocrx_word' id='word_1_248' title='bbox 849 2615 909 2668; x_wconf 82' lang='lat' dir='ltr'><strong>quas</strong></span> <span class='ocrx_word' id='word_1_249' title='bbox 929 2615 980 2668; x_wconf 90' lang='lat' dir='ltr'><strong>per</strong></span> <span class='ocrx_word' id='word_1_250' title='bbox 1001 2595 1117 2649; x_wconf 88' lang='lat' dir='ltr'><strong>securim</strong></span> <span class='ocrx_word' id='word_1_251' title='bbox 1135 2594 1268 2667; x_wconf 75' lang='lat' dir='ltr'><strong>infligitur</strong></span> 
     </span>
     <span class='ocr_line' id='line_1_27' title="bbox 183 2677 1267 2751; baseline 0.004 -21"><span class='ocrx_word' id='word_1_252' title='bbox 183 2697 276 2751; x_wconf 78' lang='lat' dir='ltr'><strong>puna,</strong></span> <span class='ocrx_word' id='word_1_253' title='bbox 291 2678 347 2731; x_wconf 91' lang='lat' dir='ltr'><strong>dici</strong></span> <span class='ocrx_word' id='word_1_254' title='bbox 361 2697 441 2750; x_wconf 85' lang='lat' dir='ltr'><strong>posse</strong></span> <span class='ocrx_word' id='word_1_255' title='bbox 451 2679 543 2751; x_wconf 86' lang='lat' dir='ltr'><strong>prima</strong></span> <span class='ocrx_word' id='word_1_256' title='bbox 561 2679 683 2731; x_wconf 88' lang='lat' dir='ltr'><strong>omnium</strong></span> <span class='ocrx_word' id='word_1_257' title='bbox 697 2677 755 2744; x_wconf 86' lang='lat' dir='ltr'><strong>lex,</strong></span> <span class='ocrx_word' id='word_1_258' title='bbox 773 2677 804 2731; x_wconf 87' lang='lat' dir='ltr'><strong>id</strong></span> <span class='ocrx_word' id='word_1_259' title='bbox 821 2690 874 2743; x_wconf 86' lang='lat' dir='ltr'><strong>est,</strong></span> <span class='ocrx_word' id='word_1_260' title='bbox 887 2679 1075 2751; x_wconf 88' lang='lat' dir='ltr'><strong>potentissima</strong></span> <span class='ocrx_word' id='word_1_261' title='bbox 1091 2691 1119 2732; x_wconf 89' lang='lat' dir='ltr'><strong>et</strong></span> <span class='ocrx_word' id='word_1_262' title='bbox 1135 2678 1267 2734; x_wconf 83' lang='lat' dir='ltr'><strong>efficacis·</strong></span> 
     </span>
     <span class='ocr_line' id='line_1_28' title="bbox 183 2760 1267 2834; baseline 0.004 -20"><span class='ocrx_word' id='word_1_263' title='bbox 183 2762 265 2828; x_wconf 85' lang='lat' dir='ltr'><strong>sima,</strong></span> <span class='ocrx_word' id='word_1_264' title='bbox 284 2762 349 2833; x_wconf 88' lang='lat' dir='ltr'><strong>quia</strong></span> <span class='ocrx_word' id='word_1_265' title='bbox 362 2773 449 2814; x_wconf 90' lang='lat' dir='ltr'><strong>metus</strong></span> <span class='ocrx_word' id='word_1_266' title='bbox 463 2780 549 2834; x_wconf 79' lang='lat' dir='ltr'><strong>pusnu</strong></span> <span class='ocrx_word' id='word_1_267' title='bbox 565 2762 630 2834; x_wconf 87' lang='lat' dir='ltr'><strong>pius</strong></span> <span class='ocrx_word' id='word_1_268' title='bbox 641 2762 714 2815; x_wconf 85' lang='lat' dir='ltr'><strong>valet</strong></span> <span class='ocrx_word' id='word_1_269' title='bbox 728 2760 765 2816; x_wconf 88' lang='lat' dir='ltr'><strong>ad</strong></span> <span class='ocrx_word' id='word_1_270' title='bbox 784 2762 907 2816; x_wconf 89' lang='lat' dir='ltr'><strong>homines</strong></span> <span class='ocrx_word' id='word_1_271' title='bbox 920 2762 949 2815; x_wconf 88' lang='lat' dir='ltr'><strong>in</strong></span> <span class='ocrx_word' id='word_1_272' title='bbox 965 2761 1059 2816; x_wconf 81' lang='lat' dir='ltr'><strong>cilicio</strong></span> <span class='ocrx_word' id='word_1_273' title='bbox 1078 2761 1267 2830; x_wconf 84' lang='lat' dir='ltr'><strong>continendos,</strong></span> 
     </span>
    </p>
   </div>
   <div class='ocr_carea' id='block_1_7' title="bbox 184 2841 1358 2926">
    <p class='ocr_par' dir='ltr' id='par_1_7' title="bbox 184 2841 1358 2926">
     <span class='ocr_line' id='line_1_29' title="bbox 184 2841 1358 2926; baseline 0.002 -26"><span class='ocrx_word' id='word_1_274' title='bbox 184 2866 265 2919; x_wconf 83' lang='lat' dir='ltr'><strong>quam</strong></span> <span class='ocrx_word' id='word_1_275' title='bbox 277 2847 319 2900; x_wconf 84' lang='lat' dir='ltr'><strong>lex</strong></span> <span class='ocrx_word' id='word_1_276' title='bbox 331 2841 389 2900; x_wconf 87' lang='lat' dir='ltr'><strong>ulla</strong></span> <span class='ocrx_word' id='word_1_277' title='bbox 399 2864 407 2899; x_wconf 91' lang='lat'><strong>:</strong></span> <span class='ocrx_word' id='word_1_278' title='bbox 418 2846 490 2900; x_wconf 88' lang='lat' dir='ltr'><strong>adde</strong></span> <span class='ocrx_word' id='word_1_279' title='bbox 504 2846 579 2920; x_wconf 85' lang='lat' dir='ltr'><strong>quod</strong></span> <span class='ocrx_word' id='word_1_280' title='bbox 591 2845 680 2918; x_wconf 88' lang='lat' dir='ltr'><strong>prima</strong></span> <span class='ocrx_word' id='word_1_281' title='bbox 690 2858 718 2900; x_wconf 88' lang='lat' dir='ltr'><strong>et</strong></span> <span class='ocrx_word' id='word_1_282' title='bbox 727 2847 844 2901; x_wconf 83' lang='lat' dir='ltr'><strong>maxime</strong></span> <span class='ocrx_word' id='word_1_283' title='bbox 853 2848 1005 2902; x_wconf 87' lang='lat' dir='ltr'><strong>necessaria</strong></span> <span class='ocrx_word' id='word_1_284' title='bbox 1015 2847 1124 2921; x_wconf 81' lang='lat' dir='ltr'><strong>justitio</strong></span> <span class='ocrx_word' id='word_1_285' title='bbox 1137 2859 1267 2922; x_wconf 82' lang='lat' dir='ltr'><strong>pareest,</strong></span> <span class='ocrx_word' id='word_1_286' title='bbox 1330 2917 1333 2922; x_wconf 25' lang='grc' dir='ltr'>Ι</span> <span class='ocrx_word' id='word_1_287' title='bbox 1353 2916 1358 2926; x_wconf 31' lang='grc'><em>’</em></span> 
     </span>
    </p>
   </div>
   <div class='ocr_carea' id='block_1_8' title="bbox 130 2931 1267 3258">
    <p class='ocr_par' dir='ltr' id='par_1_8' title="bbox 130 2931 1267 3258">
     <span class='ocr_line' id='line_1_30' title="bbox 130 2931 1266 3005; baseline 0.004 -23"><span class='ocrx_word' id='word_1_288' title='bbox 130 2977 132 2982; x_wconf 81' lang='grc'>,</span> <span class='ocrx_word' id='word_1_289' title='bbox 184 2942 274 2983; x_wconf 87' lang='lat' dir='ltr'><strong>sontes</strong></span> <span class='ocrx_word' id='word_1_290' title='bbox 292 2932 423 3001; x_wconf 75' lang='lat' dir='ltr'><strong>plectere3</strong></span> <span class='ocrx_word' id='word_1_291' title='bbox 442 2942 470 2984; x_wconf 91' lang='lat' dir='ltr'><strong>et</strong></span> <span class='ocrx_word' id='word_1_292' title='bbox 487 2931 561 3002; x_wconf 84' lang='lat' dir='ltr'><strong>leges</strong></span> <span class='ocrx_word' id='word_1_293' title='bbox 582 2948 614 2983; x_wconf 89' lang='lat' dir='ltr'><strong>ac</strong></span> <span class='ocrx_word' id='word_1_294' title='bbox 632 2948 716 3002; x_wconf 80' lang='lat' dir='ltr'><strong>regna</strong></span> <span class='ocrx_word' id='word_1_295' title='bbox 733 2931 853 2986; x_wconf 84' lang='lat' dir='ltr'><strong>maxime</strong></span> <span class='ocrx_word' id='word_1_296' title='bbox 876 2943 948 2986; x_wconf 88' lang='lat' dir='ltr'><strong>stant</strong></span> <span class='ocrx_word' id='word_1_297' title='bbox 968 2950 1000 2985; x_wconf 89' lang='lat' dir='ltr'><strong>ac</strong></span> <span class='ocrx_word' id='word_1_298' title='bbox 1018 2931 1111 3004; x_wconf 75' lang='lat' dir='ltr'><strong>vigent</strong></span> <span class='ocrx_word' id='word_1_299' title='bbox 1132 2931 1266 3005; x_wconf 89' lang='lat' dir='ltr'><strong>supplicio</strong></span> 
     </span>
     <span class='ocr_line' id='line_1_31' title="bbox 182 3011 1267 3088; baseline 0.005 -24"><span class='ocrx_word' id='word_1_300' title='bbox 182 3013 387 3084; x_wconf 66' lang='lat' dir='ltr'><strong>improborum</strong></span> <span class='ocrx_word' id='word_1_301' title='bbox 403 3012 520 3085; x_wconf 89' lang='lat' dir='ltr'><strong>denique</strong></span> <span class='ocrx_word' id='word_1_302' title='bbox 536 3011 565 3065; x_wconf 88' lang='lat' dir='ltr'><strong>id</strong></span> <span class='ocrx_word' id='word_1_303' title='bbox 578 3013 668 3086; x_wconf 87' lang='lat' dir='ltr'><strong>primo</strong></span> <span class='ocrx_word' id='word_1_304' title='bbox 679 3014 743 3068; x_wconf 92' lang='lat' dir='ltr'><strong>loco</strong></span> <span class='ocrx_word' id='word_1_305' title='bbox 759 3017 939 3087; x_wconf 71' lang='lat' dir='ltr'><strong>proscribunt</strong></span> <span class='ocrx_word' id='word_1_306' title='bbox 950 3016 1038 3088; x_wconf 78' lang='lat' dir='ltr'><strong>leges,</strong></span> <span class='ocrx_word' id='word_1_307' title='bbox 1055 3029 1085 3069; x_wconf 93' lang='lat' dir='ltr'><strong>ut</strong></span> <span class='ocrx_word' id='word_1_308' title='bbox 1095 3029 1217 3070; x_wconf 85' lang='lat' dir='ltr'><strong>sumatur</strong></span> <span class='ocrx_word' id='word_1_309' title='bbox 1232 3014 1267 3070; x_wconf 90' lang='lat' dir='ltr'><strong>de</strong></span> 
     </span>
     <span class='ocr_line' id='line_1_32' title="bbox 183 3095 1266 3174; baseline 0.005 -26"><span class='ocrx_word' id='word_1_310' title='bbox 183 3095 302 3148; x_wconf 85' lang='lat' dir='ltr'><strong>scelestis</strong></span> <span class='ocrx_word' id='word_1_311' title='bbox 318 3095 492 3168; x_wconf 88' lang='lat' dir='ltr'><strong>supplicium.</strong></span> <span class='ocrx_word' id='word_1_312' title='bbox 508 3095 644 3168; x_wconf 88' lang='lat' dir='ltr'><strong>Equidem</strong></span> <span class='ocrx_word' id='word_1_313' title='bbox 662 3098 779 3168; x_wconf 90' lang='lat' dir='ltr'><strong>primam</strong></span> <span class='ocrx_word' id='word_1_314' title='bbox 793 3117 875 3172; x_wconf 85' lang='lat' dir='ltr'><strong>quam</strong></span> <span class='ocrx_word' id='word_1_315' title='bbox 890 3097 974 3152; x_wconf 86' lang='lat' dir='ltr'><strong>modo</strong></span> <span class='ocrx_word' id='word_1_316' title='bbox 992 3099 1117 3154; x_wconf 86' lang='lat' dir='ltr'><strong>dedimus</strong></span> <span class='ocrx_word' id='word_1_317' title='bbox 1134 3099 1266 3174; x_wconf 87' lang='lat' dir='ltr'><strong>interpre-</strong></span> 
     </span>
     <span class='ocr_line' id='line_1_33' title="bbox 183 3178 710 3258; baseline 0.006 -26"><span class='ocrx_word' id='word_1_318' title='bbox 183 3178 312 3232; x_wconf 87' lang='lat' dir='ltr'><strong>tationem</strong></span> <span class='ocrx_word' id='word_1_319' title='bbox 326 3180 453 3233; x_wconf 90' lang='lat' dir='ltr'><strong>omnibus</strong></span> <span class='ocrx_word' id='word_1_320' title='bbox 470 3191 618 3258; x_wconf 84' lang='lat' dir='ltr'><strong>antepono.</strong></span> <span class='ocrx_word' id='word_1_321' title='bbox 656 3182 710 3235; x_wconf 87' lang='lat' dir='ltr'><strong>Eu.</strong></span> 
     </span>
    </p>
   </div>
   <div class='ocr_carea' id='block_1_9' title="bbox 183 3274 1265 3434">
    <p class='ocr_par' dir='ltr' id='par_1_9' title="bbox 183 3274 1265 3434">
     <span class='ocr_line' id='line_1_34' title="bbox 219 3274 1265 3350; baseline 0.002 -21"><span class='ocrx_word' id='word_1_322' title='bbox 219 3277 290 3330; x_wconf 87' lang='lat' dir='ltr'><strong>Nor.</strong></span> <span class='ocrx_word' id='word_1_323' title='bbox 311 3279 371 3344; x_wconf 79' lang='lat'><strong>269.</strong></span> <span class='ocrx_word' id='word_1_324' title='bbox 393 3277 531 3342; x_wconf 69' lang='lat' dir='ltr'><strong>Thersites,</strong></span> <span class='ocrx_word' id='word_1_325' title='bbox 543 3275 702 3330; x_wconf 73' lang='lat' dir='ltr'><strong>Graecorum</strong></span> <span class='ocrx_word' id='word_1_326' title='bbox 713 3274 876 3328; x_wconf 81' lang='lat' dir='ltr'><strong>foedissimus</strong></span> <span class='ocrx_word' id='word_1_327' title='bbox 892 3288 919 3330; x_wconf 92' lang='lat' dir='ltr'><strong>et</strong></span> <span class='ocrx_word' id='word_1_328' title='bbox 928 3276 1020 3330; x_wconf 85' lang='lat' dir='ltr'><strong>animo</strong></span> <span class='ocrx_word' id='word_1_329' title='bbox 1030 3290 1059 3331; x_wconf 89' lang='lat' dir='ltr'><strong>et</strong></span> <span class='ocrx_word' id='word_1_330' title='bbox 1075 3296 1203 3350; x_wconf 86' lang='lat' dir='ltr'><strong>corpore,</strong></span> <span class='ocrx_word' id='word_1_331' title='bbox 1213 3277 1265 3331; x_wconf 87' lang='lat' dir='ltr'><strong>lin·</strong></span> 
     </span>
     <span class='ocr_line' id='line_1_35' title="bbox 183 3358 1265 3434; baseline 0.001 -21"><span class='ocrx_word' id='word_1_332' title='bbox 183 3377 290 3432; x_wconf 76' lang='lat' dir='ltr'><strong>guoque</strong></span> <span class='ocrx_word' id='word_1_333' title='bbox 301 3359 454 3434; x_wconf 87' lang='lat' dir='ltr'><strong>promptior</strong></span> <span class='ocrx_word' id='word_1_334' title='bbox 472 3377 556 3432; x_wconf 87' lang='lat' dir='ltr'><strong>quam</strong></span> <span class='ocrx_word' id='word_1_335' title='bbox 573 3378 669 3425; x_wconf 87' lang='lat' dir='ltr'><strong>manu;</strong></span> <span class='ocrx_word' id='word_1_336' title='bbox 687 3371 769 3412; x_wconf 88' lang='lat' dir='ltr'><strong>notus</strong></span> <span class='ocrx_word' id='word_1_337' title='bbox 788 3377 821 3413; x_wconf 85' lang='lat' dir='ltr'><strong>ex</strong></span> <span class='ocrx_word' id='word_1_338' title='bbox 841 3359 923 3414; x_wconf 86' lang='lat' dir='ltr'><strong>Hom.</strong></span> <span class='ocrx_word' id='word_1_339' title='bbox 942 3358 1023 3414; x_wconf 91' lang='lat' dir='ltr'><strong>Iliad.</strong></span> <span class='ocrx_word' id='word_1_340' title='bbox 1036 3361 1069 3427; x_wconf 87' lang='grc' dir='ltr'><strong>β,</strong></span> <span class='ocrx_word' id='word_1_341' title='bbox 1082 3377 1132 3414; x_wconf 83' lang='lat' dir='ltr'><strong>ara</strong></span> <span class='ocrx_word' id='word_1_342' title='bbox 1145 3369 1265 3433; x_wconf 70' lang='lat' dir='ltr'><strong>serp*-</strong></span> 
     </span>
    </p>
   </div>
   <div class='ocr_carea' id='block_1_10' title="bbox 609 3541 842 3563">
    <p class='ocr_par' dir='ltr' id='par_1_10' title="bbox 609 3541 842 3563">
     <span class='ocr_line' id='line_1_36' title="bbox 609 3541 842 3563; baseline 0.004 -1"><span class='ocrx_word' id='word_1_343' title='bbox 609 3541 842 3563; x_wconf 57' lang='lat' dir='ltr'><strong>mmm</strong></span> 
     </span>
    </p>
   </div>
   <div class='ocr_carea' id='block_1_11' title="bbox 181 3667 1266 4213">
    <p class='ocr_par' dir='ltr' id='par_1_11' title="bbox 181 3667 1266 4213">
     <span class='ocr_line' id='line_1_37' title="bbox 221 3667 1263 3738; baseline 0.008 -24"><span class='ocrx_word' id='word_1_344' title='bbox 221 3674 230 3699; x_wconf 91' lang='lat'>¹</span> <span class='ocrx_word' id='word_1_345' title='bbox 250 3667 363 3715; x_wconf 85' lang='lat' dir='ltr'><strong>Primum</strong></span> <span class='ocrx_word' id='word_1_346' title='bbox 386 3668 550 3732; x_wconf 84' lang='lat' dir='ltr'><strong>supplicium,</strong></span> <span class='ocrx_word' id='word_1_347' title='bbox 577 3667 646 3732; x_wconf 87' lang='lat' dir='ltr'><strong>quod</strong></span> <span class='ocrx_word' id='word_1_348' title='bbox 674 3669 701 3716; x_wconf 94' lang='lat' dir='ltr'><strong>in</strong></span> <span class='ocrx_word' id='word_1_349' title='bbox 746 3671 834 3719; x_wconf 84' lang='lat' dir='ltr'><strong>consul</strong></span> <span class='ocrx_word' id='word_1_350' title='bbox 850 3671 1000 3736; x_wconf 84' lang='lat' dir='ltr'><strong>supplicium</strong></span> <span class='ocrx_word' id='word_1_351' title='bbox 1019 3671 1052 3720; x_wconf 84' lang='lat' dir='ltr'><strong>dc</strong></span> <span class='ocrx_word' id='word_1_352' title='bbox 1066 3669 1126 3720; x_wconf 86' lang='lat' dir='ltr'><strong>liliis</strong></span> <span class='ocrx_word' id='word_1_353' title='bbox 1145 3674 1263 3738; x_wconf 79' lang='lat' dir='ltr'><strong>sumpsit3</strong></span> 
     </span>
     <span class='ocr_line' id='line_1_38' title="bbox 182 3747 1266 3814; baseline 0.006 -18"><span class='ocrx_word' id='word_1_354' title='bbox 182 3747 312 3796; x_wconf 83' lang='lat' dir='ltr'><strong>consulatu</strong></span> <span class='ocrx_word' id='word_1_355' title='bbox 324 3747 406 3812; x_wconf 88' lang='lat' dir='ltr'><strong>primo</strong></span> <span class='ocrx_word' id='word_1_356' title='bbox 420 3758 478 3812; x_wconf 87' lang='lat' dir='ltr'><strong>post</strong></span> <span class='ocrx_word' id='word_1_357' title='bbox 491 3759 591 3797; x_wconf 87' lang='lat' dir='ltr'><strong>exactos</strong></span> <span class='ocrx_word' id='word_1_358' title='bbox 607 3764 702 3814; x_wconf 84' lang='lat' dir='ltr'><strong>regesa</strong></span> <span class='ocrx_word' id='word_1_359' title='bbox 747 3749 860 3798; x_wconf 79' lang='lat' dir='ltr'><strong>britann.</strong></span> <span class='ocrx_word' id='word_1_360' title='bbox 878 3749 943 3812; x_wconf 87' lang='lat' dir='ltr'><strong>Quia</strong></span> <span class='ocrx_word' id='word_1_361' title='bbox 956 3750 1053 3814; x_wconf 88' lang='lat' dir='ltr'><strong>primus</strong></span> <span class='ocrx_word' id='word_1_362' title='bbox 1070 3752 1158 3801; x_wconf 86' lang='lat' dir='ltr'><strong>consul</strong></span> <span class='ocrx_word' id='word_1_363' title='bbox 1174 3753 1266 3802; x_wconf 78' lang='lat' dir='ltr'><strong>Brutus</strong></span> 
     </span>
     <span class='ocr_line' id='line_1_39' title="bbox 183 3825 1059 3894; baseline 0.002 -20"><span class='ocrx_word' id='word_1_364' title='bbox 183 3836 253 3891; x_wconf 87' lang='lat' dir='ltr'><strong>patre</strong></span> <span class='ocrx_word' id='word_1_365' title='bbox 264 3827 295 3874; x_wconf 91' lang='lat' dir='ltr'><strong>de</strong></span> <span class='ocrx_word' id='word_1_366' title='bbox 305 3825 364 3876; x_wconf 86' lang='lat' dir='ltr'><strong>liliis</strong></span> <span class='ocrx_word' id='word_1_367' title='bbox 375 3839 518 3892; x_wconf 67' lang='lat' dir='ltr'><strong>sumptuosa</strong></span> <span class='ocrx_word' id='word_1_368' title='bbox 528 3827 625 3876; x_wconf 86' lang='lat' dir='ltr'><strong>Calder.</strong></span> <span class='ocrx_word' id='word_1_369' title='bbox 635 3828 702 3878; x_wconf 86' lang='lat' dir='ltr'><strong>Con·</strong></span> <span class='ocrx_word' id='word_1_370' title='bbox 748 3844 846 3877; x_wconf 87' lang='lat' dir='ltr'><strong>securos</strong></span> <span class='ocrx_word' id='word_1_371' title='bbox 857 3829 963 3894; x_wconf 86' lang='lat' dir='ltr'><strong>accepit;</strong></span> <span class='ocrx_word' id='word_1_372' title='bbox 977 3828 1059 3878; x_wconf 86' lang='lat' dir='ltr'><strong>Sobol.</strong></span> 
     </span>
     <span class='ocr_line' id='line_1_40' title="bbox 181 3907 1263 3974; baseline 0.005 -18"><span class='ocrx_word' id='word_1_373' title='bbox 181 3908 274 3956; x_wconf 80' lang='lat' dir='ltr'><strong>solatus</strong></span> <span class='ocrx_word' id='word_1_374' title='bbox 283 3908 386 3972; x_wconf 86' lang='lat' dir='ltr'><strong>primus,</strong></span> <span class='ocrx_word' id='word_1_375' title='bbox 398 3909 442 3974; x_wconf 88' lang='lat' dir='ltr'><strong>qui</strong></span> <span class='ocrx_word' id='word_1_376' title='bbox 454 3907 501 3958; x_wconf 86' lang='lat' dir='ltr'><strong>fuit</strong></span> <span class='ocrx_word' id='word_1_377' title='bbox 510 3908 575 3956; x_wconf 85' lang='lat' dir='ltr'><strong>inter</strong></span> <span class='ocrx_word' id='word_1_378' title='bbox 585 3907 652 3973; x_wconf 75' lang='lat' dir='ltr'><strong>leges</strong></span> <span class='ocrx_word' id='word_1_379' title='bbox 662 3926 703 3958; x_wconf 85' lang='lat' dir='ltr'><strong>ex·</strong></span> <span class='ocrx_word' id='word_1_380' title='bbox 784 3915 795 3941; x_wconf 84' lang='lat'>²</span> <span class='ocrx_word' id='word_1_381' title='bbox 814 3908 845 3956; x_wconf 87' lang='lat' dir='ltr'><strong>Et</strong></span> <span class='ocrx_word' id='word_1_382' title='bbox 856 3925 889 3956; x_wconf 84' lang='lat' dir='ltr'><strong>ex</strong></span> <span class='ocrx_word' id='word_1_383' title='bbox 902 3908 1005 3973; x_wconf 86' lang='lat' dir='ltr'><strong>litibus,</strong></span> <span class='ocrx_word' id='word_1_384' title='bbox 1020 3923 1074 3974; x_wconf 81' lang='lat' dir='ltr'><strong>quae</strong></span> <span class='ocrx_word' id='word_1_385' title='bbox 1087 3909 1119 3958; x_wconf 84' lang='lat' dir='ltr'><strong>‹le</strong></span> <span class='ocrx_word' id='word_1_386' title='bbox 1135 3925 1166 3959; x_wconf 90' lang='lat' dir='ltr'><strong>eo</strong></span> <span class='ocrx_word' id='word_1_387' title='bbox 1180 3921 1263 3961; x_wconf 61' lang='grc' dir='ltr'><strong>πιοῦσι</strong></span> 
     </span>
     <span class='ocr_line' id='line_1_41' title="bbox 182 3986 1263 4055; baseline 0.004 -20"><span class='ocrx_word' id='word_1_388' title='bbox 182 3987 261 4051; x_wconf 84' lang='lat' dir='ltr'><strong>pulsis</strong></span> <span class='ocrx_word' id='word_1_389' title='bbox 273 3986 384 4052; x_wconf 80' lang='lat' dir='ltr'><strong>regibus,</strong></span> <span class='ocrx_word' id='word_1_390' title='bbox 401 3988 520 4052; x_wconf 83' lang='lat' dir='ltr'><strong>aquibus</strong></span> <span class='ocrx_word' id='word_1_391' title='bbox 535 3988 590 4036; x_wconf 85' lang='lat' dir='ltr'><strong>siue</strong></span> <span class='ocrx_word' id='word_1_392' title='bbox 604 3988 701 4054; x_wconf 72' lang='lat' dir='ltr'><strong>legibus</strong></span> <span class='ocrx_word' id='word_1_393' title='bbox 746 3997 815 4036; x_wconf 83' lang='lat' dir='ltr'><strong>aetate</strong></span> <span class='ocrx_word' id='word_1_394' title='bbox 827 3988 937 4054; x_wconf 83' lang='lat' dir='ltr'><strong>primum</strong></span> <span class='ocrx_word' id='word_1_395' title='bbox 949 3989 1013 4037; x_wconf 89' lang='lat' dir='ltr'><strong>inter</strong></span> <span class='ocrx_word' id='word_1_396' title='bbox 1023 3989 1106 4040; x_wconf 74' lang='lat' dir='ltr'><strong>nou.</strong></span> <span class='ocrx_word' id='word_1_397' title='bbox 1118 3999 1143 4038; x_wconf 85' lang='lat' dir='ltr'><strong>et</strong></span> <span class='ocrx_word' id='word_1_398' title='bbox 1154 3991 1263 4055; x_wconf 72' lang='lat' dir='ltr'><strong>Iassiug.</strong></span> 
     </span>
     <span class='ocr_line' id='line_1_42' title="bbox 182 4065 1263 4134; baseline 0.002 -18"><span class='ocrx_word' id='word_1_399' title='bbox 182 4067 266 4118; x_wconf 82' lang='lat' dir='ltr'><strong>omnia</strong></span> <span class='ocrx_word' id='word_1_400' title='bbox 274 4067 378 4117; x_wconf 83' lang='lat' dir='ltr'><strong>arbitrio</strong></span> <span class='ocrx_word' id='word_1_401' title='bbox 388 4084 435 4118; x_wconf 89' lang='lat' dir='ltr'><strong>mo</strong></span> <span class='ocrx_word' id='word_1_402' title='bbox 445 4077 510 4128; x_wconf 89' lang='lat' dir='ltr'><strong>acta,</strong></span> <span class='ocrx_word' id='word_1_403' title='bbox 520 4068 569 4117; x_wconf 90' lang='lat' dir='ltr'><strong>hoo</strong></span> <span class='ocrx_word' id='word_1_404' title='bbox 580 4078 626 4130; x_wconf 86' lang='lat' dir='ltr'><strong>cst,</strong></span> <span class='ocrx_word' id='word_1_405' title='bbox 636 4070 699 4116; x_wconf 73' lang='lat' dir='ltr'><strong>bru·</strong></span> <span class='ocrx_word' id='word_1_406' title='bbox 747 4067 836 4116; x_wconf 85' lang='lat' dir='ltr'><strong>deinde</strong></span> <span class='ocrx_word' id='word_1_407' title='bbox 847 4068 913 4118; x_wconf 87' lang='lat' dir='ltr'><strong>inter</strong></span> <span class='ocrx_word' id='word_1_408' title='bbox 923 4065 1045 4134; x_wconf 74' lang='lat' dir='ltr'><strong>depen.</strong></span> <span class='ocrx_word' id='word_1_409' title='bbox 1060 4079 1084 4118; x_wconf 90' lang='lat' dir='ltr'><strong>et</strong></span> <span class='ocrx_word' id='word_1_410' title='bbox 1094 4068 1194 4120; x_wconf 82' lang='lat' dir='ltr'><strong>Jacobs.</strong></span> <span class='ocrx_word' id='word_1_411' title='bbox 1204 4080 1263 4118; x_wconf 82' lang='lat' dir='ltr'><strong>ortae</strong></span> 
     </span>
     <span class='ocr_line' id='line_1_43' title="bbox 182 4147 809 4213; baseline 0.005 -19"><span class='ocrx_word' id='word_1_412' title='bbox 182 4157 230 4210; x_wconf 86' lang='lat' dir='ltr'><strong>tus,</strong></span> <span class='ocrx_word' id='word_1_413' title='bbox 238 4147 281 4212; x_wconf 86' lang='lat' dir='ltr'><strong>qui</strong></span> <span class='ocrx_word' id='word_1_414' title='bbox 290 4147 385 4213; x_wconf 86' lang='lat' dir='ltr'><strong>primns</strong></span> <span class='ocrx_word' id='word_1_415' title='bbox 395 4147 494 4213; x_wconf 73' lang='lat' dir='ltr'><strong>regibus</strong></span> <span class='ocrx_word' id='word_1_416' title='bbox 504 4147 595 4197; x_wconf 82' lang='lat' dir='ltr'><strong>exactis</strong></span> <span class='ocrx_word' id='word_1_417' title='bbox 604 4158 699 4197; x_wconf 85' lang='lat' dir='ltr'><strong>oreatus</strong></span> <span class='ocrx_word' id='word_1_418' title='bbox 743 4157 809 4198; x_wconf 80' lang='lat' dir='ltr'><strong>sunt</strong></span> 
     </span>
    </p>
   </div>
   <div class='ocr_carea' id='block_1_12' title="bbox 1333 4154 1344 4190">
    <p class='ocr_par' dir='ltr' id='par_1_12' title="bbox 1333 4154 1344 4190">
     <span class='ocr_line' id='line_1_44' title="bbox 1333 4154 1344 4190; baseline 0 0"><span class='ocrx_word' id='word_1_419' title='bbox 1333 4154 1344 4190; x_wconf 76' lang='lat' dir='ltr'><strong>l</strong></span> 
     </span>
    </p>
   </div>
   <div class='ocr_carea' id='block_1_13' title="bbox 0 0 1566 4986">
    <p class='ocr_par' dir='ltr' id='par_1_13' title="bbox 0 0 1566 4986">
     <span class='ocr_line' id='line_1_45' title="bbox 0 0 1566 4986; baseline 0 1"><span class='ocrx_word' id='word_1_420' title='bbox 0 0 1566 4986; x_wconf 95' lang='lat' dir='ltr'><strong> </strong></span> 
     </span>
    </p>
   </div>
  </div>
 </body>
</html>
