3130 4986
326 371 369 458 96
479 367 651 432 VARIAE
677 366 969 434 LEC'l'lONES
997 371 1060 436 ET
1087 372 1240 439 NOTAE

325 485 506 543 Bacchanalia,
518 481 570 534 boc
581 493 619 533 est
629 480 767 543 bacchice,
777 481 830 534 ritu
840 501 947 548 eornm,
957 483 1004 556 qui
1012 483 1069 538 bec
1078 502 1149 538 sacra
1159 484 1339 550 celebrabant,
1352 483 1396 538 tel

326 567 527 622 Bacchanalium
540 564 635 627 modo,
649 565 684 617 ita
695 577 725 616 ut
737 583 766 618 ea
778 564 892 620 virendo
903 569 1058 639 exprimant.

362 664 500 714 Arsursts.
520 667 536 722 4
547 679 600 732 seq.
620 659 683 712 ileo
702 671 741 712 est
754 660 895 732 descriptio
907 662 1003 717 borum
1013 662 1161 718 hominum.
1171 669 1320 717 -Primum
1333 677 1396 718 sunt

327 745 416 794 indocti
421 763 432 802 ,·
445 740 555 802 deinde,
566 738 620 792 vid.
634 741 649 792 8
660 759 714 812 seq.
724 744 819 811 ,smmi
827 747 969 816 nullafides
983 759 1037 812 est;
1051 759 1191 819 praeterea,
1206 747 1260 800 vid.
1276 765 1305 800 rt
1320 765 1396 818 seq.‚

327 829 421 896 hispida
430 829 536 876 membra
545 827 642 892 quidem
655 837 722 888 eto,
735 825 863 896 denique,
873 826 927 879 vid.
942 833 972 890 ri
984 847 1054 901 serp,
1065 849 1134 880 rarus
1145 849 1223 881 senno
1234 833 1283 882 illis
1296 842 1347 882 etc.
1358 860 1396 869 —

329 911 418 962 000οὼ
426 926 517 961 eorum
524 925 627 972 musea,
638 907 693 960 sive
701 907 876 968 bibliothecae,
883 927 948 980 quas
959 909 1075 963 virorum
1086 911 1224 966 doctorum
1235 912 1397 983 imaginibus

327 992 484 1063 plerumque
500 1001 603 1042 ornatas
622 989 701 1042 luisse
723 989 799 1042 docet
815 991 991 1062 Grangteus¹‚
1009 993 1051 1044 vel
1069 1011 1160 1046 omnes
1180 992 1276 1046 edium
1291 1005 1398 1065 partes,

327 1075 457 1147 imprimis
469 1074 564 1126 atrium
577 1077 685 1144 ejusque
697 1073 816 1146 parietes.
827 1104 862 1114 -
872 1077 967 1144 (ἦγμαι,
986 1088 1068 1128 statua
1088 1067 1268 1148 sive'imagine
1282 1095 1397 1150 gypsea,

328 1177 360 1211 ex
377 1175 468 1232 gypso.
489 1157 587 1210 Confer
599 1156 729 1224 Plinium,
746 1157 866 1221 XXXV,
888 1175 937 1224 sa,
958 1178 980 1212 s.
1003 1166 1053 1225 44,
1070 1161 1122 1227 45;
1142 1159 1278 1228 xxxvl,
1299 1169 1341 1225 ai.
1361 1188 1398 1202 -·

330 1245 457 1312 Chrysippi
474 1240 564 1294 Stoici.

259 1406 267 1424 ·
364 1389 430 1435 Vsu.
439 1387 463 1435 5.
473 1383 586 1432 Invenias
596 1385 703 1445 restitui,
714 1401 760 1449 pro
769 1385 874 1434 investiet
884 1403 916 1434 ex
927 1402 970 1448 ιο,
982 1387 1398 1452 11,14-17,19-25,45-69,

331 1479 448 1534 71-07t„
462 1469 574 1530 77—80.
585 1495 620 1504 —-
630 1467 674 1515 Est
686 1467 840 1517 desideratur
853 1469 880 1517 in
895 1469 928 1518 ai
936 1504 944 1529 ,
962 1471 1009 1528 46,
1025 1479 1071 1533 tp,
1085 1472 1131 1533 48,
1146 1472 1194 1532 50,
1213 1472 1332 1532 54-60,
1347 1475 1399 1529 tia,

330 1557 443 1616 6447,
457 1553 570 1614 7¹⁸·i5·

365 1647 432 1699 Nor.
453 1645 478 1698 ⁵.
498 1645 688 1713 Perfeetissimus
708 1647 790 1695 bonam
810 1657 860 1704 est,
884 1643 1002 1716 ipsorum
1020 1645 1120 1699 scilicet
1137 1648 1281 1710 sententia,
1301 1648 1343 1700 sel
1365 1649 1399 1701 iis

331 1728 445 1783 videtur.
1309 1726 1312 1740 '

366 1873 432 1921 Vin.
449 1875 473 1922 6.
483 1871 510 1919 Si
521 1868 574 1936 quis
584 1870 751 1928 Aristotelem,
767 1870 869 1920 shnilem
879 1874 924 1922 uel
935 1873 1044 1922 Pittacon
1058 1875 1111 1942 (vel
1124 1877 1256 1936 Pittacum,
1267 1875 1399 1923 Aristoteli

331 1956 436 2006 similem
451 1953 533 2018 vultu)
547 1951 605 2000 emit
615 1952 776 2018 distinguere,
790 1965 831 2002 aut
842 1955 924 2019 potins
937 1957 1101 2016 An'stotelsm,
1117 1958 1217 2007 Simiam
1230 1959 1276 2007 vel
1287 1958 1399 2006 Pittacon

330 2041 411 2105 legere
424 2037 528 2088 malebat
540 2039 571 2085 ll.
584 2037 665 2083 Vales.
678 2037 725 2084 Sed
737 2037 777 2085 illa
789 2037 956 2102 interpretatio
971 2040 1013 2088 vix
1027 2041 1141 2106 cuiquam
1155 2041 1286 2101 arridebit,
1307 2052 1331 2088 et
1343 2043 1399 2090 baec

331 2122 403 2171 lectio
416 2117 568 2185 repudianda
577 2128 613 2167 est
622 2153 629 2178 ,
638 2119 755 2182 quoniam
763 2119 927 2184 philosophus
940 2121 992 2182 ille,
1003 2124 1108 2172 Socratis
1118 2123 1266 2187 discipulus,
1279 2125 1400 2190 Xenopb.

331 2204 407 2250 Mem.
417 2201 485 2248 Socr.
496 2200 550 2258 111,
566 2213 609 2257 11,
625 2211 665 2256 17,
678 2208 703 2245 et
716 2197 769 2245 aliis
782 2185 897 2265 Σιμμίας
909 2200 1007 2262 dicitur,
1020 2218 1072 2250 nou
1084 2202 1178 2250 statas.

365 2295 434 2349 Nor.
454 2295 479 2345 6.
494 2293 590 2360 Siquis,
601 2308 650 2361 pro
658 2289 745 2362 simpl.
755 2293 804 2359 qui.
815 2322 851 2332 —
859 2295 1010 2344 Aristotelem
1019 2295 1135 2356 similem,
1150 2294 1202 2347 boc
1210 2307 1247 2347 est
1254 2307 1396 2361 potaturum,

330 2379 386 2433 sire
398 2375 536 2448 imaginem
547 2371 705 2435 Aristotelis,
715 2374 740 2426 ei
750 2373 877 2438 similem,
888 2393 947 2446 qum
957 2393 1018 2427 eum
1030 2374 1064 2428 ad
1075 2375 1165 2428 vivum
1177 2377 1288 2440 reseratu
1302 2389 1331 2428 ut
1342 2378 1398 2432 lere

330 2458 402 2531 apud
413 2453 511 2510 liesiod
523 2443 599 2524 νῆν.
612 2470 642 2521 71
656 2472 662 2505 :
677 2445 794 2522 ssep-hisp
807 2443 890 2525 uidetis
902 2443 1000 2518 illesos,
1011 2454 1066 2507 scil.
1077 2443 1186 2522 si'eloso,
1196 2455 1252 2508 sive
1262 2446 1397 2525 impu,

330 2529 450 2607 ποίημα,
463 2527 590 2602 stirpes·
601 2538 656 2571 ²-
665 2532 772 2582 Pisaeus
783 2531 963 2603 Mitylenaeus,
983 2551 1051 2586 uuus
1068 2553 1101 2586 ex
1117 2545 1216 2606 septem
1229 2533 1336 2588 Grecin
1354 2555 1396 2588 sa·

330 2620 471 2692 pientibus.

365 2713 434 2766 Nor.
455 2731 479 2781 7.
491 2713 612 2779 Etjrbet,
621 2707 747 2780 platteumi
759 2729 870 2772 servare,
886 2711 914 2762 in
925 2730 957 2764 eo
967 2712 1086 2783 reponit,
1099 2711 1230 2772 recondit,
1249 2714 1395 2775 thamnas,

369 2989 378 3016 ¹
396 2981 515 3030 Laudarit
532 2979 595 3027 Pliu.
611 2978 721 3036 xm,
735 2993 762 3036 ις
776 2979 841 3026 Suet.
887 2980 1023 3040 tutabatur,
1043 2993 1068 3031 et
1080 2982 1177 3030 ridetur
1191 2999 1244 3032 mos
1255 2985 1329 3034 misse
1343 2997 1397 3036 tum

331 3062 387 3112 Tib.
399 3077 448 3122 7⁰3
460 3059 549 3108 Euseb.
563 3059 626 3105 illst.
641 3057 724 3105 eoeles.
738 3059 778 3117 Π,
796 3058 842 3117 183
886 3060 1010 3110 Cleanthis
1019 3061 1137 3127 imagines
1147 3078 1224 3127 prope
1228 3075 1314 3128 puteos
1323 3067 1398 3115 collo-

331 3143 388 3189 Seu.
401 3137 678 3202 de'l'rauq.auim.oap.
690 3152 720 3198 9,
734 3136 800 3200 lips·
812 3135 841 3184 de
886 3140 989 3188 candi.»
1008 3142 1055 3188 llic
1072 3158 1145 3199 vero,
1159 3143 1202 3206 qui
1216 3142 1282 3190 idem
1295 3161 1397 3208 persua·

331 3219 446 3268 biblioth.
886 3229 950 3266 serat
966 3219 1021 3267 Nic.
1043 3215 1164 3278 Heinsio,
1176 3218 1247 3284 jubet
1267 3219 1397 3273 Cleanthas

369 3303 380 3332 ²
393 3297 483 3348 Confer
496 3297 554 3344 Stat.
570 3289 627 3343 sur.
642 3293 669 3354 l,
686 3310 715 3354 ι,
728 3310 789 3358 101;
802 3297 841 3356 11,
887 3308 1098 3364 semarepntemn,
1107 3297 1399 3363 habetimaginesCleau·

334 3399 359 3443 7,
373 3395 436 3442 ¹²93
451 3375 693 3434 Martial.11,roi‚
707 3390 727 3422 r.
886 3377 950 3435 this,
966 3393 998 3424 ex
1011 3387 1085 3440 puteo
1098 3394 1184 3441 aquam
1196 3377 1344 3440 haurientis,
1358 3383 1398 3431 vel

368 3449 558 3516 ³Memorabilis
571 3464 607 3503 est
623 3453 695 3502 lectio
705 3463 802 3516 potetate
815 3455 843 3503 iu
886 3455 1030 3503 hauriendis
1041 3457 1110 3519 aquis
1118 3457 1183 3520 apud
1192 3461 1294 3522 puteum
1303 3463 1397 3510 stands.

334 3539 368 3603 59
381 3547 406 3585 et
418 3538 460 3585 60.
478 3538 513 3583 Ita
531 3536 582 3595 jam
596 3532 655 3582 olim
668 3534 794 3593 oonjeoere
811 3535 841 3582 Η.
886 3535 950 3584 llam
967 3535 1111 3596 Cleanthes,
1132 3536 1163 3583 ab
1182 3537 1266 3600 inopia
1280 3551 1398 3598 vexatus,

332 3616 444 3665 Valesius
457 3625 481 3662 et
493 3613 611 3662 Graevius.
624 3611 668 3659 Ille
681 3611 729 3660 boo
741 3611 796 3660 looo
810 3612 842 3660 itu
887 3625 915 3662 ut
933 3613 1041 3662 interdiu
1061 3615 1149 3663 studiis
1169 3615 1294 3664 literarum
1312 3635 1399 3668 vacare

332 3693 556 3760 interpretabatur:
574 3690 842 3755 «Siquislristotelia
885 3703 983 3758 posset,
1002 3710 1103 3759 operam
1122 3711 1190 3743 suam
1210 3697 1299 3745 locarit
1319 3699 1398 3747 Athe-

333 3787 359 3824 et
371 3775 456 3824 Pittaci
470 3783 573 3821 statuam
585 3771 612 3818 in
625 3769 774 3818 bibliotheca
792 3771 843 3818 col·
886 3774 967 3821 nlensi
984 3774 1100 3834 cuidam,
1116 3775 1186 3835 cujus
1204 3775 1304 3823 bortum
1323 3789 1398 3826 nocta

333 3857 410 3914 locat,
421 3851 543 3903 Cleanthis
551 3861 632 3900 autem
639 3850 737 3914 signum
744 3849 844 3912 aliquod
887 3852 1189 3919 aqua,e1puteishausta,
1200 3855 1324 3919 irrigaret,
1331 3857 1398 3905 unde

336 3934 486 3998 archetypon
506 3927 537 3979 ad
550 3941 650 3996 puteum
669 3923 758 3993 pouit,
777 3927 843 3991 quod
888 3941 913 3978 et
927 3921 1063 3998 Φμᾶηλης
1076 3933 1156 3980 dicms
1169 3943 1212 3980 est.
1226 3934 1283 3981 Vid.
1297 3935 1400 3996 suidas,

334 4011 391 4069 hic,
414 4021 542 4074 autequam
567 4002 732 4074 philosophus
755 4007 845 4056 stoicus
888 4011 993 4074 Diogen.
1011 4014 1089 4060 baert.
1108 4022 1131 4059 et
1145 4013 1200 4062 Ssn.
1214 4014 1289 4078 Epist.
1308 4023 1349 4070 tt.
1368 4014 1398 4062 ld

337 4101 412 4150 esset,
428 4105 489 4151 aqua
504 4105 536 4136 ex
548 4088 628 4151 puteis
644 4081 780 4135 haurienda
793 4103 845 4135 sese
889 4091 992 4139 omuino
1009 4084 1117 4140 arridere
1135 4102 1235 4156 potest:
1251 4093 1399 4142 senteutiam
