3134 4990
326 393 390 482 596
480 393 651 460 VARlAE
673 393 968 460 LECTlONES
992 396 1056 463 ET
1078 397 1231 464 NOTAE

322 522 377 576 est,
391 508 455 563 nari
463 519 493 560 et
503 507 571 559 mari
584 505 723 560 advectam
736 507 979 580 (quemadmodum
994 511 1047 563 lete
1058 512 1166 566 Petron.
1178 512 1221 578 5⁵,
1235 515 1388 586 margaritas

321 592 464 665 appellarit
471 643 472 648 ,
474 593 595 658 phaleras
600 591 740 660 pelagios),
754 589 797 644 alii
812 589 927 663 deniqne
938 603 1050 664 propter
1062 612 1105 656 ea,
1119 609 1178 665 qun
1190 613 1270 667 supra
1282 600 1386 663 notari,

319 677 393 730 velat
405 673 544 747 piraticam
556 685 584 727 et
594 672 810 740 latrocinantem,
823 675 900 745 cnjus
912 673 1055 744 splendore
1068 675 1216 747 spolientur
1224 689 1252 730 et
1265 678 1384 733 leuantur

320 759 486 822 venditores,
499 755 609 810 divitem
621 768 773 823 censentes,
787 755 834 828 qui
847 774 903 810 eam
916 769 1014 828 gestet,
1026 758 1067 811 vel
1082 758 1203 814 fallacem
1215 773 1244 814 et
1257 761 1385 834 deceptri-

318 861 386 897 cem.
397 839 460 896 llaec
469 840 624 912 explicatio,
635 839 685 893 etsi
696 839 800 892 ceteris
810 838 976 910 preferenda
987 840 1092 896 videtne
1105 843 1159 914 (ita
1169 855 1244 901 oeete
1251 845 1387 917 epitheton

317 926 406 980 minna
416 927 538 997 languet,
547 936 574 978 et
585 921 732 996 plurimum
740 921 819 975 habet
827 923 907 990 salis),
922 925 1002 996 longe
1010 937 1098 979 tamen
1106 928 1223 999 repetita
1231 941 1290 993 est,
1300 941 1328 982 et
1338 927 1388 982 du·

318 1008 371 1062 bia.
382 1009 468 1062 Vetus
476 1006 567 1061 Schol.
581 1008 729 1071 «Stlatam'a,
743 1005 904 1060 illecebrosa.
917 1007 1039 1060 Ennius:

533 1104 564 1149 llt
575 1099 659 1148 melior
670 1109 752 1157 natus,
764 1117 835 1163 qnam
845 1119 897 1164 qna
907 1104 1011 1152 stlataris
1021 1113 1114 1168 portat;

319 1190 414 1254 idest,
425 1187 640 1249 multisonaltilis,
651 1206 712 1259 quas
721 1189 804 1258 vulgo
815 1188 913 1244 dicitnr
923 1195 1062 1246 Batnlaria.
1069 1217 1081 1239 ι

351 1339 418 1385 Van.
439 1336 499 1385 ess.
516 1333 1386 1403 Auamma-tuine,14301etpets,m,rs,4s;toetpsa

316 1428 354 1468 est
361 1451 371 1476 ,
382 1417 425 1480 25,
436 1435 480 1481 η,
492 1417 604 1478 46-50,
615 1419 728 1478 54-63,
737 1417 851 1482 65-69,
861 1429 974 1482 71-74,
983 1434 1024 1482 77.

350 1513 419 1566 Nor.
441 1509 490 1564 135
503 1529 560 1582 seq.
580 1514 614 1560 Et
626 1525 708 1564 tanen
721 1525 758 1561 est
773 1514 822 1563 illis
836 1511 991 1566 caussidicis
1006 1511 1168 1584 pauperihus
1182 1515 1240 1565 uste
1253 1515 1315 1578 lano,
1328 1512 1386 1566 hnc

315 1595 466 1649 divitiarum
478 1593 630 1660 ostentatio,
642 1593 769 1665 quoniam
777 1595 829 1648 hac
838 1594 933 1648 fraude
944 1595 1053 1650 clientes
1065 1595 1198 1649 alliciunt:
1208 1613 1271 1649 nam
1277 1615 1386 1666 prepare

313 1679 475 1729 narsidem
484 1678 585 1741 vendit,
596 1675 766 1730 commendat
774 1677 861 1749 plebi,
875 1677 918 1730 cni
931 1695 1031 1732 merces
1041 1679 1119 1752 qnasi
1130 1691 1284 1732 suasantse
1297 1679 1386 1750 ipsum

314 1760 448 1824 venditat,
462 1759 505 1813 vel
517 1777 597 1832 qnam
607 1760 646 1812 sic
655 1759 750 1826 allicit,
762 1773 793 1814 ut
806 1774 937 1815 mercator
944 1774 1078 1834 emptores
1087 1761 1228 1817 laudandis
1238 1765 1387 1828 mercihus;

315 1844 414 1908 elficit,
424 1857 456 1898 nt
465 1843 560 1916 majori
572 1841 738 1897 conducatur
748 1843 846 1915 pretio.
857 1853 864 1877 ¹
885 1845 1032 1912 Ferrarius,
1045 1847 1083 1899 lle
1095 1847 1171 1899 Vest.
1184 1843 1213 1906 1,
1226 1843 1270 1910 33,
1280 1857 1308 1899 et
1317 1847 1352 1908 V,
1361 1865 1386 1898 s.

313 1953 325 1974 .
334 1933 461 1995 Purpura,
474 1925 578 1998 inquit,
589 1939 616 1979 et
624 1928 800 1990 ametystina,
811 1929 838 1978 h.
849 1927 901 1979 loc.
913 1925 1042 1988 lacerate,
1056 1939 1102 1980 ant
1115 1926 1188 1980 lene
1201 1945 1345 1999 purpurea
1358 1941 1388 1982 et

314 2009 506 2082 amethystina,
520 2026 580 2080 quar
590 2020 659 2080 toga
670 2009 871 2081 injiciebantur,
882 2029 944 2063 nrm
953 2022 1016 2083 toga
1030 2011 1102 2064 nulla
1113 2011 1271 2064 oratoribus
1280 2031 1386 2084 pnrpu-

313 2114 373 2158 rea,
387 2092 434 2150 sed
451 2091 615 2147 communis:
630 2110 681 2146 uec
694 2091 728 2146 de
742 2094 797 2146 lato
812 2094 888 2147 clarc
901 2093 1013 2166 intelligi
1027 2105 1131 2166 potest,
1145 2093 1276 2166 quianon
1290 2113 1385 2148 omnes

313 2177 421 2249 patroni
435 2175 577 2240 laticlavii,
592 2195 680 2249 neque
695 2177 767 2231 nllus
783 2179 942 2243 amethystini
955 2196 1018 2230 usus
1036 2179 1065 2230 in
1083 2179 1170 2232 claro.
1189 2179 1269 2249 Atqui
1286 2191 1384 2234 auctor

313 2259 384 2312 Dial.
396 2258 431 2310 de
442 2259 516 2309 Orat.
528 2277 552 2308 o.
564 2258 611 2322 39,
626 2276 719 2308 eornm
730 2271 881 2327 temporum
895 2260 1005 2330 equalis
1017 2259 1183 2331 indignatur,
1194 2275 1264 2330 teges
1276 2262 1309 2313 ab
1321 2279 1383 2315 ora-

313 2341 418 2396 toribus
425 2337 570 2410 depositas,
579 2349 606 2390 et
613 2348 734 2408 sumptas
741 2355 833 2390 earum
843 2339 903 2392 loco
906 2347 1029 2406 parntes.
1038 2343 1136 2396 Noster
1142 2356 1232 2396 tamen
1239 2343 1294 2396 Sat.
1302 2345 1384 2411 Vlll,

315 2431 359 2492 49,
366 2426 459 2490 plebem
469 2433 580 2492 togatum
588 2437 695 2472 caussas
702 2432 824 2490 agentem
834 2419 948 2486 inducit,
957 2441 1017 2494 qun
1026 2423 1068 2475 his
1078 2423 1203 2480 videntur
1212 2427 1386 2481 contrariari:

314 2506 369 2560 nisi
382 2504 502 2559 dicamus
514 2519 529 2555 a
543 2500 636 2572 paneis
643 2505 759 2567 penulas
772 2516 933 2573 usurpatas,
948 2522 997 2556 nec
1010 2503 1057 2558 diu
1070 2506 1231 2573 obtinuisse,
1246 2526 1331 2579 quum
1341 2529 1384 2564 se·

316 2587 409 2661 quenti
417 2586 512 2641 seculo
522 2584 556 2637 ad
564 2598 646 2653 togam
655 2582 783 2638 redierint
794 2585 943 2640 caussidici.
951 2612 963 2634 »
974 2587 1027 2641 Sed
1034 2589 1095 2645 vide
1103 2589 1138 2645 ad
1147 2591 1229 2656 VIII,
1242 2609 1301 2662 197,
1310 2613 1384 2646 etse·

314 2674 440 2739 tlystiaa,
449 2668 532 2722 scilic.
543 2668 714 2731 vestimenta,
725 2668 859 2735 violacea,
870 2668 916 2740 qni
927 2681 966 2722 est
975 2671 1051 2725 color
1062 2675 1206 2739 amethysti,
1217 2675 1308 2747 lapidis
1317 2695 1381 2747 pse·

301 2754 387 2807 ,tiosi.
399 2752 478 2806 Gonl.
486 2749 602 2805 Martial.
614 2748 645 2814 1,
656 2767 704 2820 97;
714 2752 758 2816 Il,
771 2750 815 2822 57,
828 2753 905 2817 2321,
916 2759 959 2819 49,
976 2771 999 2819 ¹3
1013 2753 1089 2820 XIV,
1105 2757 1167 2819 1543
1178 2757 1245 2812 Plin.
1253 2759 1336 2822 XXI,
1347 2761 1381 2824 Β,

317 2836 495 2901 ΧΧΧῩΙΙ,6
506 2845 532 2888 et
546 2852 572 2904 9,
586 2833 633 2886 uhi
644 2846 741 2906 prester
753 2835 805 2888 alia
815 2835 898 2899 dicit,
910 2838 1061 2910 amethysto
1075 2838 1178 2892 Indice
1190 2858 1249 2894 esse
1262 2842 1385 2897 colorem

253 2991 256 3000 ,
315 2922 478 2976 simillimum
487 2935 600 2991 pnpurss
614 2917 700 2984 felici,
711 2919 763 2973 hoc
772 2931 827 2986 est,
838 2921 957 2985 ardenti,
971 2941 1031 2995 que
1041 2921 1150 2995 plebeie
1162 2937 1190 2977 et
1202 2925 1284 2981 fuscae
1296 2947 1383 3000 oppo-

314 3006 398 3058 nitur.
413 3033 449 3046 -
461 3003 591 3062 arvenis,
607 2999 749 3067 conducit,
766 3001 888 3073 expedit;
903 3003 945 3056 rel
958 3004 1037 3058 etiam
1048 3006 1188 3076 propriam
1202 3019 1229 3060 et
1241 3023 1386 3064 consenta-

315 3106 395 3140 neum
406 3098 447 3140 est
455 3087 506 3138 eltis
515 3083 625 3150 rabulis,
639 3083 686 3156 qui
700 3083 758 3138 siue
771 3085 818 3138 tali
829 3084 995 3157 impudentia
1004 3097 1031 3140 et
1039 3089 1219 3144 ostentatione
1227 3089 1256 3144 in
1266 3105 1384 3164 egestate

314 3180 495 3227 versarentur.

350 3268 419 3322 Nor.
441 3267 500 3337 ¹37·
520 3266 635 3333 strepitus
644 3265 745 3333 majoris
751 3284 846 3329 census,
856 3265 896 3319 rei
905 3265 1040 3321 familiaris
1050 3267 1094 3320 vel
1103 3267 1262 3338 opulentiae,
1273 3283 1313 3326 est
1324 3273 1383 3344 ejus

317 3351 474 3412 ostentatio,
490 3350 634 3421 jactantia,
651 3347 789 3420 gloriati03
799 3350 897 3417 socies,
920 3350 976 3421 ejus
997 3351 1100 3422 species
1118 3362 1243 3418 externa,
1263 3365 1293 3406 nt
1309 3343 1391 3426 apud

316 3437 408 3491 Tacit.
422 3432 493 3488 Dial.
504 3430 537 3485 de
548 3431 625 3486 Orat.
639 3450 698 3504 cap.
708 3434 736 3499 6,
745 3451 801 3500 qum
809 3433 937 3500 impellite
946 3437 1055 3501 speeies!
1065 3435 1118 3488 hoc
1129 3447 1184 3502 est,
1194 3437 1242 3509 qui
1255 3438 1385 3510 splendor

315 3517 456 3576 externus!
938 3538 944 3555 ·

350 3667 418 3714 Vsa.
439 3663 496 3712 138.
514 3659 599 3711 Finem
612 3677 663 3710 nott
673 3660 893 3726 servatimpemoe,
905 3679 929 3711 a.
937 3663 1043 3712 Versum
1052 3665 1191 3729 parenthesi
1200 3666 1382 3716 includendam

315 3746 417 3811 putabat
423 3745 551 3796 Schrader.

732 3853 961 3874 mmm

352 3973 363 3998 ¹
381 3968 420 4015 Sic
433 3977 457 4016 et
467 3983 515 4016 nos
528 3967 646 4017 dicimus:
658 3966 824 4016 Kleiderma·
867 3968 954 4016 maalt
969 3968 1001 4015 de
1017 3968 1089 4017 dina.
1107 3967 1208 4020 Conler,
1227 3969 1259 4017 ad
1275 3985 1310 4020 rs.
1329 3969 1380 4031 73,

315 4045 376 4094 elea
394 4049 481 4105 Lanu,
494 4048 545 4107 vel,
566 4049 612 4097 der
626 4047 690 4096 noct
705 4047 825 4114 verlnafi
867 4047 978 4097 llenniu.
992 4045 1022 4096 atl
1036 4047 1061 4096 lt.
1076 4045 1094 4096 l.
1109 4056 1135 4094 et
1148 4049 1244 4098 Ernesti
1254 4048 1312 4098 clav.
1323 4048 1379 4096 C'n.

316 4125 363 4172 dea
386 4124 463 4174 Mara
476 4123 497 4197 ,ξ’
512 4137 536 4174 et
557 4127 651 4194 Belge,
675 4125 724 4178 laed
745 4127 826 4179 Kleed
867 4125 1189 4180 emmemtvmditare.
