3130 4986
338 409 400 488 146
606 410 647 472 D.
677 407 815 474 JUNH
843 406 1129 476 IUVENALIS

381 518 501 610 «Quid
517 521 632 590 Romae
648 519 789 590 faciam?
804 523 943 591 Mentiri
958 523 1073 591 nescio
1088 547 1096 591 ε
1113 521 1254 611 librum,

332 631 368 700 Si
383 630 488 699 malus
504 644 571 712 est,
589 655 721 724 nequeo
738 629 872 699 laudare
890 646 924 701 et
939 657 1098 727 poscere;
1115 649 1226 702 motus

332 743 509 811 Astrorum
527 741 664 835 ignoro;
682 740 782 810 furnus
798 735 997 836 promittere
1015 742 1118 837 patris

333 853 407 920 Nec
423 848 514 936 volo,
533 874 597 920 nec
614 873 768 945 possum3
786 875 942 919 ranarum
959 852 1087 922 viscera
1104 877 1277 947 nunquam

332 961 490 1054 Inspexi:
509 958 590 1028 ferri
606 960 648 1028 ad
664 976 822 1055 nuptam,
839 985 913 1054 quae
930 960 1036 1030 mittit
1052 961 1199 1050 adulter,
1365 977 1400 1042 as

330 1070 415 1157 Quae
431 1069 584 1156 mandat,
602 1086 728 1139 norunt
744 1069 819 1156 alii;
836 1095 889 1138 me
907 1095 1006 1138 nemo
1023 1070 1179 1140 ministro

330 1183 399 1248 Fur
415 1181 499 1266 erit;
516 1195 616 1274 atque
634 1180 711 1249 ideo
728 1179 812 1249 nulli
829 1205 941 1250 comes
959 1206 1058 1267 exeo,
1076 1198 1249 1277 tamquam

331 1292 491 1374 Mancus,
508 1303 542 1357 et
557 1291 728 1359 exstinctae
745 1314 955 1384 corpusnon
973 1291 1058 1360 utile
1075 1291 1209 1362 dextrae.

329 1399 416 1486 Quis
433 1403 526 1466 n'unc
541 1397 707 1494 diligitur,
724 1398 790 1468 nisi
809 1401 980 1485 conscius,
998 1416 1032 1469 et
1050 1403 1105 1470 cui
1122 1401 1255 1472 fervens

329 1509 462 1576 AEstuat
477 1507 618 1577 occultis
634 1509 763 1576 animus
780 1532 979 1602 semperque
996 1509 1167 1579 tacendis?
1367 1527 1404 1582 50

320 1615 387 1685 ¹Nil
404 1615 468 1684 tibi
484 1640 518 1684 se
535 1615 657 1685 debere
675 1631 787 1710 putat,
806 1615 855 1685 nil
872 1617 1025 1688 conferet
1042 1643 1208 1713 unqum,

330 1725 534 1818 Participem
552 1726 609 1818 qui
625 1741 659 1794 te
675 1727 797 1795 secreti
815 1725 895 1795 fecit
911 1727 1055 1796 honesti.

329 1836 435 1904 Carus
450 1834 514 1902 erit
525 1833 642 1920 Verri,
660 1834 718 1928 qui
731 1836 874 1904 Verrem
891 1849 1066 1929 tempore,
1087 1860 1154 1930 quo
1171 1834 1261 1922 vult,

329 1948 496 2013 Accusare
513 1957 623 2038 potest
640 1969 648 2011 τ
665 1944 750 2013 tanti
767 1945 827 2013 tibi
844 1969 914 2012 non
931 1945 975 2012 sit
992 1945 1089 2039 opaci

329 2052 448 2120 Omnis
464 2077 566 2120 arena
580 2053 679 2146 Tagi,
696 2053 853 2146 quodque
872 2055 907 2121 in
923 2077 1015 2121 mare
1032 2051 1180 2121 volvitur
1195 2078 1333 2140 aurum,
1365 2069 1399 2122 55

331 2163 378 2230 Ut
394 2186 512 2230 somno
529 2186 658 2245 careas,
676 2161 899 2255 ponendaque
917 2163 1055 2255 praemia
1071 2185 1181 2230 sumas

370 2396 418 2455 l!-
440 2385 544 2456 «Quid
557 2388 626 2444 artis
638 2399 695 2457 est,
712 2397 760 2442 aut
773 2387 896 2464 negotii,
912 2387 943 2443 in
957 2406 1017 2462 quo
1030 2407 1076 2444 mc
1090 2406 1251 2458 exerceam,
1264 2389 1288 2445 si
1301 2387 1401 2446 llomae

329 2479 401 2536 sim?
416 2483 518 2535 Artem
534 2479 692 2536 mentiendi
702 2497 763 2534 non
774 2479 879 2548 calleo;
894 2497 955 2534 non
972 2479 1082 2550 issum,
1099 2478 1149 2554 qui
1164 2477 1270 2536 librum
1285 2481 1402 2558 illepide

328 2571 467 2644 scriptum
481 2589 585 2626 ornare
597 2571 729 2626 laudibus
737 2571 859 2646 possim,
871 2581 920 2626 aut
933 2571 1152 2627 exscribendum
1164 2592 1283 2648 poscere
1297 2597 1304 2631 :
1320 2577 1401 2651 peri-

331 2674 375 2718 tus
385 2662 547 2736 astrologia
562 2681 622 2718 non
639 2681 702 2718 snm
720 2683 726 2718 :
743 2673 867 2718 mortem
881 2661 969 2736 patris
983 2660 1043 2718 filio
1062 2681 1124 2717 earn
1138 2665 1284 2737 expetenti
1297 2666 1401 2722 vatici-

329 2752 426 2808 nando
441 2752 571 2828 polliceri
583 2771 709 2828 nequeo,
724 2769 778 2808 nec
791 2751 815 2807 si
827 2771 946 2826 queam,
962 2754 1057 2811 velim.
1068 2753 1246 2810 Rubetarum
1261 2768 1325 2812 exta
1337 2777 1400 2814 nou

329 2845 524 2914 consideravi,
538 2855 571 2900 ut
585 2865 621 2900 ex
634 2844 668 2900 iis
681 2861 824 2899 venenum
837 2842 1017 2900 conficerem.
1034 2844 1099 2902 Sint
1113 2844 1174 2915 alii,
1189 2864 1241 2920 per
1254 2866 1299 2904 me
1313 2848 1399 2920 licet,

329 2937 380 3010 qui
393 2939 484 2993 sciant
501 2935 577 2992 serre
594 2937 631 2992 ad
646 2935 780 2992 feminam
794 2934 929 3010 conjugio
945 2934 1082 3012 illigatam
1097 2935 1220 2991 adulteri
1236 2956 1355 2995 munera
1370 2951 1400 2997 et

328 3027 462 3083 mandata
476 3026 606 3084 :furibus
620 3045 776 3100 numquam
791 3045 908 3100 operam
921 3045 1014 3082 meam
1028 3037 1057 3082 et
1070 3025 1260 3084 ministerium
1278 3029 1397 3088 locabo:

329 3137 390 3174 earn
406 3119 446 3174 ob
471 3137 532 3174 rem
554 3120 631 3174 solus
647 3129 676 3174 et
696 3119 879 3175 incomitatus
901 3119 993 3174 Roma
1017 3117 1156 3187 discedo,
1180 3119 1301 3192 perinde
1322 3141 1355 3177 uc
1375 3120 1399 3178 si

327 3229 445 3267 mancus
462 3229 568 3280 essem,
585 3221 614 3266 et
634 3229 739 3285 corpus
758 3209 889 3266 manibus
904 3207 1029 3283 praecisis
1044 3207 1154 3265 inutile.
1171 3211 1243 3278 Quis
1258 3229 1335 3266 nunc
1348 3211 1399 3268 ali·

329 3301 375 3359 cui
392 3319 473 3358 carus
491 3312 545 3371 est,
563 3302 617 3358 nisi
634 3302 685 3377 qui
699 3321 869 3358 arcanorum
885 3303 945 3377 ejus
960 3303 1099 3358 scelerum
1116 3301 1246 3358 conscius
1262 3315 1320 3374 est,
1334 3304 1398 3380 qui·

328 3412 384 3469 que
399 3403 552 3469 torquetur
564 3393 682 3464 anxius,
705 3403 734 3451 et
747 3393 843 3450 animo
863 3393 1001 3462 ferventi,
1022 3403 1120 3448 aestuat
1136 3403 1257 3466 propter
1272 3405 1396 3466 secreta,

328 3503 390 3560 quae
404 3485 458 3558 ipsi
471 3485 620 3542 commissa
632 3497 712 3554 sunt,
737 3496 844 3542 aeterno
866 3484 986 3560 tegenda
1007 3483 1132 3539 silentio.
1149 3485 1237 3540 Nullo
1255 3483 1396 3542 beneficio

327 3596 356 3633 sc
379 3576 432 3632 tibi
448 3577 607 3654 obligatum
623 3578 731 3647 credit,
749 3597 802 3634 nec
817 3577 878 3632 ullo
894 3587 922 3631 te
941 3573 1067 3630 vicissim
1084 3575 1131 3631 ille
1149 3575 1326 3652 obstringet,
1346 3577 1397 3652 qui

327 3681 355 3726 te
372 3670 486 3727 honesti
503 3671 601 3726 arcani
617 3671 764 3726 conscium
785 3688 844 3740 esse
859 3665 1001 3734 voluerit,
1025 3666 1132 3740 quippe
1152 3667 1224 3722 nihil
1239 3667 1395 3724 admodum

326 3773 468 3831 metuens,
480 3781 516 3818 ne
526 3763 599 3818 illud
610 3764 723 3836 prodas.
735 3765 841 3818 Verres
850 3761 927 3815 hunc
938 3760 1064 3832 impense
1073 3757 1186 3834 diliget,
1195 3778 1210 3813 a
1220 3777 1296 3833 quo,
1306 3779 1395 3835 quum

326 3853 458 3924 libuerit,
475 3866 569 3930 potest
586 3856 616 3911 in
629 3856 675 3929 jus
688 3854 795 3912 vocari.
812 3853 857 3908 Tu
870 3871 957 3920 vero,
972 3849 996 3904 si
1012 3851 1100 3924 sapis,
1117 3869 1154 3906 ne
1169 3850 1319 3925 proposito
1334 3851 1397 3925 qui-

327 3944 392 4000 dem
404 3949 484 4002 omni
495 3966 581 4018 auro,
596 3947 676 4022 quod
693 3947 787 4004 arenis
802 3944 859 4001 suis
872 3944 994 4000 mixtum
1010 3941 1040 3998 in
1056 3962 1134 3999 mare
1148 3941 1278 4000 devolvit
1293 3945 1397 4000 umbra

325 4037 464 4094 arbomm
479 4041 618 4098 obscurus
628 4041 739 4116 Tagus,
756 4038 853 4113 cupies
869 4037 993 4094 divitum
1011 4049 1039 4094 et
1052 4037 1212 4112 potentium
1226 4057 1327 4094 arcana
1346 4057 1396 4095 co-

325 4147 477 4204 gnoscere,
494 4151 620 4208 quorum
636 4130 809 4188 conscientia
824 4129 878 4186 tibi
892 4147 1008 4185 somnos
1018 4128 1146 4186 adimat:
1163 4147 1259 4204 neque
1276 4148 1396 4186 munera
