<?xml version="1.0" encoding="UTF-8"?>
<!DOCTYPE html PUBLIC "-//W3C//DTD XHTML 1.0 Transitional//EN"
    "http://www.w3.org/TR/xhtml1/DTD/xhtml1-transitional.dtd">
<html xmlns="http://www.w3.org/1999/xhtml" xml:lang="en" lang="en">
 <head>
  <title>
</title>
<meta http-equiv="Content-Type" content="text/html;charset=utf-8" />
  <meta name='ocr-system' content='tesseract 3.04.00' />
  <meta name='ocr-capabilities' content='ocr_page ocr_carea ocr_par ocr_line ocrx_word'/>
</head>
<body>
  <div class='ocr_page' id='page_1' title='image "./sexdecimsatir01lemagoog_0335.png"; bbox 0 0 3056 4984; ppageno 0'>
   <div class='ocr_carea' id='block_1_1' title="bbox 346 435 1259 517">
    <p class='ocr_par' dir='ltr' id='par_1_1' title="bbox 346 435 1259 517">
     <span class='ocr_line' id='line_1_1' title="bbox 346 435 1259 517; baseline 0.015 -17"><span class='ocrx_word' id='word_1_1' title='bbox 346 435 409 517; x_wconf 68' lang='lat'>314</span> <span class='ocrx_word' id='word_1_2' title='bbox 492 442 661 510; x_wconf 81' lang='lat' dir='ltr'><strong>VARIAE</strong></span> <span class='ocrx_word' id='word_1_3' title='bbox 691 447 983 514; x_wconf 86' lang='lat' dir='ltr'><strong>LECTIONES</strong></span> <span class='ocrx_word' id='word_1_4' title='bbox 1014 449 1077 513; x_wconf 84' lang='lat' dir='ltr'>ET</span> <span class='ocrx_word' id='word_1_5' title='bbox 1107 449 1259 514; x_wconf 84' lang='lat' dir='ltr'>NOTAE</span> 
     </span>
    </p>
   </div>
   <div class='ocr_carea' id='block_1_2' title="bbox 382 565 1171 628">
    <p class='ocr_par' dir='ltr' id='par_1_2' title="bbox 382 565 1171 628">
     <span class='ocr_line' id='line_1_2' title="bbox 382 565 1171 628; baseline 0.006 -9"><span class='ocrx_word' id='word_1_6' title='bbox 382 565 449 620; x_wconf 84' lang='lat' dir='ltr'>Nou.</span> <span class='ocrx_word' id='word_1_7' title='bbox 470 571 513 622; x_wconf 88' lang='grc'>66.</span> <span class='ocrx_word' id='word_1_8' title='bbox 527 568 601 623; x_wconf 88' lang='lat' dir='ltr'>Servi</span> <span class='ocrx_word' id='word_1_9' title='bbox 613 572 683 624; x_wconf 89' lang='lat' dir='ltr'>euim</span> <span class='ocrx_word' id='word_1_10' title='bbox 697 591 783 626; x_wconf 85' lang='lat' dir='ltr'>mores</span> <span class='ocrx_word' id='word_1_11' title='bbox 793 573 961 628; x_wconf 89' lang='lat' dir='ltr'>dominorum</span> <span class='ocrx_word' id='word_1_12' title='bbox 972 573 1069 624; x_wconf 82' lang='lat' dir='ltr'>imitari</span> <span class='ocrx_word' id='word_1_13' title='bbox 1080 574 1171 625; x_wconf 86' lang='lat' dir='ltr'>solent.</span> 
     </span>
    </p>
   </div>
   <div class='ocr_carea' id='block_1_3' title="bbox 379 675 1409 751">
    <p class='ocr_par' dir='ltr' id='par_1_3' title="bbox 379 675 1409 751">
     <span class='ocr_line' id='line_1_3' title="bbox 379 675 1409 751; baseline 0.002 -21"><span class='ocrx_word' id='word_1_14' title='bbox 379 675 447 729; x_wconf 89' lang='lat' dir='ltr'>Nor.</span> <span class='ocrx_word' id='word_1_15' title='bbox 468 681 511 746; x_wconf 78' lang='lat'>67.</span> <span class='ocrx_word' id='word_1_16' title='bbox 527 679 605 733; x_wconf 87' lang='lat' dir='ltr'>Coni.</span> <span class='ocrx_word' id='word_1_17' title='bbox 617 680 685 736; x_wconf 88' lang='lat' dir='ltr'>Plin.</span> <span class='ocrx_word' id='word_1_18' title='bbox 699 682 784 750; x_wconf 82' lang='lat' dir='ltr'>xlx,</span> <span class='ocrx_word' id='word_1_19' title='bbox 798 690 827 747; x_wconf 73' lang='grc'>4,</span> <span class='ocrx_word' id='word_1_20' title='bbox 840 695 865 736; x_wconf 88' lang='lat' dir='ltr'>et</span> <span class='ocrx_word' id='word_1_21' title='bbox 874 683 942 735; x_wconf 84' lang='lat' dir='ltr'>inira</span> <span class='ocrx_word' id='word_1_22' title='bbox 952 682 985 735; x_wconf 85' lang='lat' dir='ltr'>ad</span> <span class='ocrx_word' id='word_1_23' title='bbox 997 701 1035 735; x_wconf 80' lang='lat' dir='ltr'>vs.</span> <span class='ocrx_word' id='word_1_24' title='bbox 1050 686 1109 751; x_wconf 84' lang='lat'>167.</span> <span class='ocrx_word' id='word_1_25' title='bbox 1124 712 1160 722; x_wconf 92' lang='lat'>—</span> <span class='ocrx_word' id='word_1_26' title='bbox 1173 685 1237 732; x_wconf 84' lang='lat' dir='ltr'>Eece</span> <span class='ocrx_word' id='word_1_27' title='bbox 1246 721 1254 746; x_wconf 91' lang='lat'><strong>‚</strong></span> <span class='ocrx_word' id='word_1_28' title='bbox 1263 681 1297 733; x_wconf 90' lang='lat' dir='ltr'>de</span> <span class='ocrx_word' id='word_1_29' title='bbox 1307 699 1336 734; x_wconf 85' lang='lat' dir='ltr'>re</span> <span class='ocrx_word' id='word_1_30' title='bbox 1348 681 1409 734; x_wconf 81' lang='lat' dir='ltr'>mira</span> 
     </span>
    </p>
   </div>
   <div class='ocr_carea' id='block_1_4' title="bbox 344 767 1412 1004">
    <p class='ocr_par' dir='ltr' id='par_1_4' title="bbox 344 767 1412 1004">
     <span class='ocr_line' id='line_1_4' title="bbox 344 767 1412 838; baseline 0.008 -28"><span class='ocrx_word' id='word_1_31' title='bbox 344 776 375 811; x_wconf 85' lang='lat' dir='ltr'>ac</span> <span class='ocrx_word' id='word_1_32' title='bbox 384 778 451 814; x_wconf 82' lang='lat' dir='ltr'>nova</span> <span class='ocrx_word' id='word_1_33' title='bbox 460 801 467 826; x_wconf 92' lang='lat'>,</span> <span class='ocrx_word' id='word_1_34' title='bbox 477 774 506 814; x_wconf 92' lang='lat' dir='ltr'>ut</span> <span class='ocrx_word' id='word_1_35' title='bbox 515 767 614 831; x_wconf 79' lang='lat' dir='ltr'><em>adspice</em></span> <span class='ocrx_word' id='word_1_36' title='bbox 626 769 680 836; x_wconf 79' lang='lat' dir='ltr'>(vs.</span> <span class='ocrx_word' id='word_1_37' title='bbox 695 769 746 834; x_wconf 80' lang='lat'>80,</span> <span class='ocrx_word' id='word_1_38' title='bbox 759 781 784 821; x_wconf 90' lang='lat' dir='ltr'>et</span> <span class='ocrx_word' id='word_1_39' title='bbox 794 768 872 820; x_wconf 85' lang='lat' dir='ltr'>Mart.</span> <span class='ocrx_word' id='word_1_40' title='bbox 886 767 970 834; x_wconf 86' lang='lat' dir='ltr'>x111,</span> <span class='ocrx_word' id='word_1_41' title='bbox 983 768 1027 834; x_wconf 79' lang='lat'>58,</span> <span class='ocrx_word' id='word_1_42' title='bbox 1041 771 1085 838; x_wconf 85' lang='lat'>1),</span> <span class='ocrx_word' id='word_1_43' title='bbox 1097 787 1127 820; x_wconf 86' lang='lat' dir='ltr'>en</span> <span class='ocrx_word' id='word_1_44' title='bbox 1139 807 1147 834; x_wconf 89' lang='lat'>,</span> <span class='ocrx_word' id='word_1_45' title='bbox 1161 781 1187 822; x_wconf 90' lang='lat' dir='ltr'>et</span> <span class='ocrx_word' id='word_1_46' title='bbox 1197 767 1231 820; x_wconf 86' lang='lat' dir='ltr'>al.</span> <span class='ocrx_word' id='word_1_47' title='bbox 1246 799 1283 808; x_wconf 92' lang='lat'>-</span> <span class='ocrx_word' id='word_1_48' title='bbox 1295 771 1412 819; x_wconf 64' lang='lat' dir='ltr'>marmure</span> 
     </span>
     <span class='ocr_line' id='line_1_5' title="bbox 344 828 1409 916; baseline 0.007 -24"><span class='ocrx_word' id='word_1_49' title='bbox 344 828 427 895; x_wconf 51' lang='lat' dir='ltr'>hessis</span> <span class='ocrx_word' id='word_1_50' title='bbox 436 859 486 912; x_wconf 91' lang='lat' dir='ltr'>pro</span> <span class='ocrx_word' id='word_1_51' title='bbox 496 841 685 915; x_wconf 85' lang='lat' dir='ltr'>indignatione.</span> <span class='ocrx_word' id='word_1_52' title='bbox 697 880 732 888; x_wconf 91' lang='lat'>—</span> <span class='ocrx_word' id='word_1_53' title='bbox 743 851 814 899; x_wconf 75' lang='lat' dir='ltr'>Atto</span> <span class='ocrx_word' id='word_1_54' title='bbox 825 866 927 915; x_wconf 84' lang='lat' dir='ltr'>servus,</span> <span class='ocrx_word' id='word_1_55' title='bbox 939 845 1069 901; x_wconf 85' lang='lat' dir='ltr'>diribitor.</span> <span class='ocrx_word' id='word_1_56' title='bbox 1083 879 1118 888; x_wconf 88' lang='lat'><em>-</em></span> <span class='ocrx_word' id='word_1_57' title='bbox 1131 855 1224 899; x_wconf 79' lang='lat' dir='ltr'>Panem</span> <span class='ocrx_word' id='word_1_58' title='bbox 1237 849 1409 916; x_wconf 76' lang='lat' dir='ltr'>vicfiucurn.</span> 
     </span>
     <span class='ocr_line' id='line_1_6' title="bbox 344 925 1272 1004; baseline 0.012 -31"><span class='ocrx_word' id='word_1_59' title='bbox 344 939 423 991; x_wconf 87' lang='lat' dir='ltr'>quem</span> <span class='ocrx_word' id='word_1_60' title='bbox 434 925 479 976; x_wconf 82' lang='lat' dir='ltr'>vix</span> <span class='ocrx_word' id='word_1_61' title='bbox 491 925 581 998; x_wconf 87' lang='lat' dir='ltr'>fregit,</span> <span class='ocrx_word' id='word_1_62' title='bbox 594 941 619 981; x_wconf 86' lang='lat' dir='ltr'>et</span> <span class='ocrx_word' id='word_1_63' title='bbox 631 929 760 1002; x_wconf 80' lang='lat' dir='ltr'>frangere,</span> <span class='ocrx_word' id='word_1_64' title='bbox 772 931 869 984; x_wconf 87' lang='lat' dir='ltr'>nedum</span> <span class='ocrx_word' id='word_1_65' title='bbox 881 949 979 998; x_wconf 86' lang='lat' dir='ltr'>secare,</span> <span class='ocrx_word' id='word_1_66' title='bbox 993 931 1079 1004; x_wconf 89' lang='lat' dir='ltr'>potuit</span> <span class='ocrx_word' id='word_1_67' title='bbox 1091 933 1126 986; x_wconf 94' lang='lat' dir='ltr'>ob</span> <span class='ocrx_word' id='word_1_68' title='bbox 1138 932 1272 985; x_wconf 82' lang='lat' dir='ltr'><strong>duritiem.</strong></span> 
     </span>
    </p>
   </div>
   <div class='ocr_carea' id='block_1_5' title="bbox 378 1030 1167 1110">
    <p class='ocr_par' dir='ltr' id='par_1_5' title="bbox 378 1030 1167 1110">
     <span class='ocr_line' id='line_1_7' title="bbox 378 1030 1167 1110; baseline 0.011 -29"><span class='ocrx_word' id='word_1_69' title='bbox 378 1030 446 1083; x_wconf 89' lang='lat' dir='ltr'>Nor.</span> <span class='ocrx_word' id='word_1_70' title='bbox 464 1034 507 1085; x_wconf 85' lang='lat'>68.</span> <span class='ocrx_word' id='word_1_71' title='bbox 521 1037 619 1099; x_wconf 67' lang='lat' dir='ltr'>solide,</span> <span class='ocrx_word' id='word_1_72' title='bbox 631 1037 754 1104; x_wconf 75' lang='lat' dir='ltr'>dura,ut</span> <span class='ocrx_word' id='word_1_73' title='bbox 765 1053 903 1095; x_wconf 75' lang='lat' dir='ltr'>contram.</span> <span class='ocrx_word' id='word_1_74' title='bbox 915 1059 961 1110; x_wconf 88' lang='lat'>70,</span> <span class='ocrx_word' id='word_1_75' title='bbox 972 1055 1040 1092; x_wconf 83' lang='lat' dir='ltr'>tener</span> <span class='ocrx_word' id='word_1_76' title='bbox 1047 1053 1072 1093; x_wconf 92' lang='lat' dir='ltr'>et</span> <span class='ocrx_word' id='word_1_77' title='bbox 1080 1044 1167 1093; x_wconf 83' lang='lat' dir='ltr'>mollis.</span> 
     </span>
    </p>
   </div>
   <div class='ocr_carea' id='block_1_6' title="bbox 295 1139 1413 1390">
    <p class='ocr_par' dir='ltr' id='par_1_6' title="bbox 295 1139 1413 1390">
     <span class='ocr_line' id='line_1_8' title="bbox 378 1139 1412 1224; baseline 0.001 -25"><span class='ocrx_word' id='word_1_78' title='bbox 378 1139 448 1193; x_wconf 73' lang='grc' dir='ltr'>Νῡτ.</span> <span class='ocrx_word' id='word_1_79' title='bbox 467 1145 509 1208; x_wconf 69' lang='grc'>69.</span> <span class='ocrx_word' id='word_1_80' title='bbox 525 1147 639 1214; x_wconf 79' lang='lat' dir='ltr'>Agitent,</span> <span class='ocrx_word' id='word_1_81' title='bbox 659 1161 768 1214; x_wconf 83' lang='lat' dir='ltr'>vexent,</span> <span class='ocrx_word' id='word_1_82' title='bbox 783 1149 927 1221; x_wconf 89' lang='lat' dir='ltr'>plurimum</span> <span class='ocrx_word' id='word_1_83' title='bbox 939 1151 963 1202; x_wconf 91' lang='lat' dir='ltr'>ei</span> <span class='ocrx_word' id='word_1_84' title='bbox 973 1152 1101 1204; x_wconf 85' lang='lat' dir='ltr'>facessunt</span> <span class='ocrx_word' id='word_1_85' title='bbox 1111 1150 1217 1224; x_wconf 87' lang='lat' dir='ltr'>negotii.</span> <span class='ocrx_word' id='word_1_86' title='bbox 1231 1181 1268 1191; x_wconf 87' lang='lat'><em>-</em></span> <span class='ocrx_word' id='word_1_87' title='bbox 1281 1153 1412 1200; x_wconf 72' lang='grc' dir='ltr'>Οοιιιὺιιιη</span> 
     </span>
     <span class='ocr_line' id='line_1_9' title="bbox 295 1220 1411 1308; baseline 0.012 -35"><span class='ocrx_word' id='word_1_88' title='bbox 295 1283 300 1290; x_wconf 37' lang='grc'>,</span> <span class='ocrx_word' id='word_1_89' title='bbox 344 1220 448 1276; x_wconf 83' lang='lat' dir='ltr'><strong>dentem</strong></span> <span class='ocrx_word' id='word_1_90' title='bbox 459 1263 467 1289; x_wconf 93' lang='lat'>,</span> <span class='ocrx_word' id='word_1_91' title='bbox 480 1227 526 1298; x_wconf 90' lang='lat' dir='ltr'>qui</span> <span class='ocrx_word' id='word_1_92' title='bbox 536 1239 622 1282; x_wconf 86' lang='lat' dir='ltr'>tamen</span> <span class='ocrx_word' id='word_1_93' title='bbox 631 1231 665 1284; x_wconf 86' lang='lat' dir='ltr'>ad</span> <span class='ocrx_word' id='word_1_94' title='bbox 674 1229 752 1285; x_wconf 84' lang='lat' dir='ltr'>duras</span> <span class='ocrx_word' id='word_1_95' title='bbox 761 1251 802 1286; x_wconf 84' lang='lat' dir='ltr'>ret</span> <span class='ocrx_word' id='word_1_96' title='bbox 813 1233 969 1288; x_wconf 79' lang='lat' dir='ltr'>mordendas</span> <span class='ocrx_word' id='word_1_97' title='bbox 979 1236 1064 1308; x_wconf 87' lang='lat' dir='ltr'>aptior</span> <span class='ocrx_word' id='word_1_98' title='bbox 1074 1248 1112 1290; x_wconf 86' lang='lat' dir='ltr'>eet</span> <span class='ocrx_word' id='word_1_99' title='bbox 1120 1235 1239 1308; x_wconf 81' lang='lat' dir='ltr'>reliqnie‚</span> <span class='ocrx_word' id='word_1_100' title='bbox 1252 1235 1373 1306; x_wconf 76' lang='lat' dir='ltr'>adeoque</span> <span class='ocrx_word' id='word_1_101' title='bbox 1385 1233 1411 1286; x_wconf 91' lang='lat' dir='ltr'>b.</span> 
     </span>
     <span class='ocr_line' id='line_1_10' title="bbox 344 1307 1413 1390; baseline 0.011 -32"><span class='ocrx_word' id='word_1_102' title='bbox 344 1307 363 1360; x_wconf 91' lang='lat' dir='ltr'>l.</span> <span class='ocrx_word' id='word_1_103' title='bbox 377 1327 438 1360; x_wconf 88' lang='lat' dir='ltr'>cum</span> <span class='ocrx_word' id='word_1_104' title='bbox 447 1309 550 1364; x_wconf 86' lang='lat' dir='ltr'>delectu</span> <span class='ocrx_word' id='word_1_105' title='bbox 561 1316 677 1385; x_wconf 87' lang='lat' dir='ltr'>ponitur.</span> <span class='ocrx_word' id='word_1_106' title='bbox 697 1320 803 1369; x_wconf 70' lang='lat' dir='ltr'>Genesim</span> <span class='ocrx_word' id='word_1_107' title='bbox 815 1317 906 1372; x_wconf 83' lang='lat' dir='ltr'>dentes</span> <span class='ocrx_word' id='word_1_108' title='bbox 920 1331 982 1372; x_wconf 85' lang='lat' dir='ltr'>sunt</span> <span class='ocrx_word' id='word_1_109' title='bbox 996 1320 1154 1390; x_wconf 75' lang='lat' dir='ltr'>posteriores</span> <span class='ocrx_word' id='word_1_110' title='bbox 1164 1359 1172 1385; x_wconf 92' lang='lat'>,</span> <span class='ocrx_word' id='word_1_111' title='bbox 1186 1338 1234 1372; x_wconf 84' lang='lat' dir='ltr'>seu</span> <span class='ocrx_word' id='word_1_112' title='bbox 1243 1318 1379 1372; x_wconf 75' lang='lat' dir='ltr'>uovnsimi</span> <span class='ocrx_word' id='word_1_113' title='bbox 1387 1319 1413 1370; x_wconf 89' lang='lat' dir='ltr'>iu</span> 
     </span>
    </p>
   </div>
   <div class='ocr_carea' id='block_1_7' title="bbox 345 1397 1413 1543">
    <p class='ocr_par' dir='ltr' id='par_1_7' title="bbox 345 1397 1413 1543">
     <span class='ocr_line' id='line_1_11' title="bbox 345 1397 1413 1471; baseline 0.01 -33"><span class='ocrx_word' id='word_1_114' title='bbox 345 1399 459 1442; x_wconf 84' lang='lat' dir='ltr'>extrema</span> <span class='ocrx_word' id='word_1_115' title='bbox 471 1410 534 1462; x_wconf 83' lang='lat' dir='ltr'>gena</span> <span class='ocrx_word' id='word_1_116' title='bbox 544 1429 552 1456; x_wconf 89' lang='lat'>,</span> <span class='ocrx_word' id='word_1_117' title='bbox 563 1411 610 1446; x_wconf 90' lang='lat' dir='ltr'>seu</span> <span class='ocrx_word' id='word_1_118' title='bbox 620 1397 739 1468; x_wconf 87' lang='lat' dir='ltr'>gingiva,</span> <span class='ocrx_word' id='word_1_119' title='bbox 752 1397 892 1471; x_wconf 56' lang='lat' dir='ltr'>sparsisse,</span> <span class='ocrx_word' id='word_1_120' title='bbox 907 1399 1106 1470; x_wconf 64' lang='lat' dir='ltr'>apposuerim.</span> <span class='ocrx_word' id='word_1_121' title='bbox 1118 1400 1195 1452; x_wconf 85' lang='lat' dir='ltr'>Conl.</span> <span class='ocrx_word' id='word_1_122' title='bbox 1209 1399 1280 1452; x_wconf 82' lang='lat' dir='ltr'>Fest.</span> <span class='ocrx_word' id='word_1_123' title='bbox 1294 1398 1349 1450; x_wconf 88' lang='lat' dir='ltr'>hoc</span> <span class='ocrx_word' id='word_1_124' title='bbox 1358 1417 1413 1452; x_wconf 73' lang='lat' dir='ltr'>roc.</span> 
     </span>
     <span class='ocr_line' id='line_1_12' title="bbox 345 1470 611 1543; baseline 0.019 -20"><span class='ocrx_word' id='word_1_125' title='bbox 345 1483 371 1524; x_wconf 86' lang='lat' dir='ltr'>et</span> <span class='ocrx_word' id='word_1_126' title='bbox 380 1470 448 1525; x_wconf 88' lang='lat' dir='ltr'>Pliu.</span> <span class='ocrx_word' id='word_1_127' title='bbox 460 1474 503 1543; x_wconf 79' lang='grc'>37,</span> <span class='ocrx_word' id='word_1_128' title='bbox 513 1493 559 1527; x_wconf 88' lang='lat' dir='ltr'>seu</span> <span class='ocrx_word' id='word_1_129' title='bbox 568 1476 611 1528; x_wconf 76' lang='lat'>63.</span> 
     </span>
    </p>
   </div>
   <div class='ocr_carea' id='block_1_8' title="bbox 381 1629 1068 1698">
    <p class='ocr_par' dir='ltr' id='par_1_8' title="bbox 381 1629 1068 1698">
     <span class='ocr_line' id='line_1_13' title="bbox 381 1629 1068 1698; baseline 0.017 -25"><span class='ocrx_word' id='word_1_130' title='bbox 381 1629 449 1676; x_wconf 80' lang='lat' dir='ltr'>Vn.</span> <span class='ocrx_word' id='word_1_131' title='bbox 470 1646 511 1692; x_wconf 82' lang='lat'>7⁰·</span> <span class='ocrx_word' id='word_1_132' title='bbox 524 1631 552 1678; x_wconf 88' lang='lat' dir='ltr'>Si</span> <span class='ocrx_word' id='word_1_133' title='bbox 561 1643 641 1683; x_wconf 82' lang='lat' dir='ltr'>tener.</span> <span class='ocrx_word' id='word_1_134' title='bbox 652 1673 659 1687; x_wconf 84' lang='lat'><strong>.</strong></span> <span class='ocrx_word' id='word_1_135' title='bbox 671 1674 677 1686; x_wconf 94' lang='lat'>.</span> <span class='ocrx_word' id='word_1_136' title='bbox 690 1637 814 1696; x_wconf 85' lang='lat' dir='ltr'>.domino,</span> <span class='ocrx_word' id='word_1_137' title='bbox 827 1639 957 1698; x_wconf 72' lang='lat' dir='ltr'>dextram,</span> <span class='ocrx_word' id='word_1_138' title='bbox 969 1650 1014 1686; x_wconf 88' lang='lat' dir='ltr'>etc.</span> <span class='ocrx_word' id='word_1_139' title='bbox 1029 1655 1068 1688; x_wconf 87' lang='grc' dir='ltr'>ιι.</span> 
     </span>
    </p>
   </div>
   <div class='ocr_carea' id='block_1_9' title="bbox 268 1717 1417 2132">
    <p class='ocr_par' dir='ltr' id='par_1_9' title="bbox 268 1717 1417 2132">
     <span class='ocr_line' id='line_1_14' title="bbox 268 1717 1415 1802; baseline 0.009 -32"><span class='ocrx_word' id='word_1_140' title='bbox 268 1781 271 1788; x_wconf 33' lang='grc' dir='ltr'>Ι</span> <span class='ocrx_word' id='word_1_141' title='bbox 381 1717 449 1771; x_wconf 84' lang='lat' dir='ltr'>Nor.</span> <span class='ocrx_word' id='word_1_142' title='bbox 470 1740 513 1792; x_wconf 91' lang='lat'>7⁰·</span> <span class='ocrx_word' id='word_1_143' title='bbox 526 1727 600 1792; x_wconf 78' lang='lat' dir='ltr'>Siliga</span> <span class='ocrx_word' id='word_1_144' title='bbox 611 1727 828 1783; x_wconf 84' lang='lat' dir='ltr'>candidissimum</span> <span class='ocrx_word' id='word_1_145' title='bbox 838 1731 919 1784; x_wconf 82' lang='lat' dir='ltr'>tritici</span> <span class='ocrx_word' id='word_1_146' title='bbox 930 1750 1022 1802; x_wconf 81' lang='lat' dir='ltr'>genus,</span> <span class='ocrx_word' id='word_1_147' title='bbox 1032 1743 1057 1784; x_wconf 88' lang='lat' dir='ltr'>et</span> <span class='ocrx_word' id='word_1_148' title='bbox 1066 1731 1122 1784; x_wconf 84' lang='lat' dir='ltr'>tine</span> <span class='ocrx_word' id='word_1_149' title='bbox 1130 1729 1248 1802; x_wconf 86' lang='lat' dir='ltr'>pondere</span> <span class='ocrx_word' id='word_1_150' title='bbox 1258 1729 1351 1797; x_wconf 88' lang='lat' dir='ltr'>(unde</span> <span class='ocrx_word' id='word_1_151' title='bbox 1361 1729 1387 1780; x_wconf 91' lang='lat' dir='ltr'>b.</span> <span class='ocrx_word' id='word_1_152' title='bbox 1398 1729 1415 1781; x_wconf 91' lang='lat' dir='ltr'>l.</span> 
     </span>
     <span class='ocr_line' id='line_1_15' title="bbox 345 1804 1417 1888; baseline 0.014 -36"><span class='ocrx_word' id='word_1_153' title='bbox 345 1804 414 1852; x_wconf 86' lang='lat' dir='ltr'>molli</span> <span class='ocrx_word' id='word_1_154' title='bbox 420 1804 444 1871; x_wconf 91' lang='lat'>),</span> <span class='ocrx_word' id='word_1_155' title='bbox 455 1824 486 1858; x_wconf 84' lang='lat' dir='ltr'>ex</span> <span class='ocrx_word' id='word_1_156' title='bbox 496 1825 549 1877; x_wconf 91' lang='lat' dir='ltr'>quo</span> <span class='ocrx_word' id='word_1_157' title='bbox 558 1807 718 1864; x_wconf 85' lang='lat' dir='ltr'>lautissimus</span> <span class='ocrx_word' id='word_1_158' title='bbox 730 1813 919 1866; x_wconf 82' lang='lat' dir='ltr'>conficiebatur</span> <span class='ocrx_word' id='word_1_159' title='bbox 927 1815 1013 1886; x_wconf 81' lang='lat' dir='ltr'>panis,</span> <span class='ocrx_word' id='word_1_160' title='bbox 1023 1817 1159 1882; x_wconf 68' lang='lat' dir='ltr'>siligineus,</span> <span class='ocrx_word' id='word_1_161' title='bbox 1170 1831 1251 1888; x_wconf 83' lang='lat' dir='ltr'>quem</span> <span class='ocrx_word' id='word_1_162' title='bbox 1259 1815 1362 1880; x_wconf 79' lang='lat' dir='ltr'>plebeio</span> <span class='ocrx_word' id='word_1_163' title='bbox 1371 1832 1417 1884; x_wconf 88' lang='lat' dir='ltr'>op·</span> 
     </span>
     <span class='ocr_line' id='line_1_16' title="bbox 346 1884 1416 1967; baseline 0.017 -32"><span class='ocrx_word' id='word_1_164' title='bbox 346 1884 420 1955; x_wconf 90' lang='lat' dir='ltr'>pouit</span> <span class='ocrx_word' id='word_1_165' title='bbox 429 1887 528 1940; x_wconf 81' lang='lat' dir='ltr'>Seneca</span> <span class='ocrx_word' id='word_1_166' title='bbox 537 1889 587 1961; x_wconf 88' lang='lat' dir='ltr'>Ep.</span> <span class='ocrx_word' id='word_1_167' title='bbox 601 1910 658 1960; x_wconf 86' lang='lat'><strong>1¹9·</strong></span> <span class='ocrx_word' id='word_1_168' title='bbox 671 1893 749 1946; x_wconf 77' lang='lat' dir='ltr'>cont.</span> <span class='ocrx_word' id='word_1_169' title='bbox 757 1896 860 1949; x_wconf 89' lang='lat' dir='ltr'>Colum.</span> <span class='ocrx_word' id='word_1_170' title='bbox 870 1898 911 1956; x_wconf 91' lang='lat'>11,</span> <span class='ocrx_word' id='word_1_171' title='bbox 923 1899 949 1960; x_wconf 89' lang='grc'>6,</span> <span class='ocrx_word' id='word_1_172' title='bbox 960 1915 970 1948; x_wconf 92' lang='grc' dir='ltr'>ι</span> <span class='ocrx_word' id='word_1_173' title='bbox 980 1918 989 1962; x_wconf 75' lang='lat'>3</span> <span class='ocrx_word' id='word_1_174' title='bbox 999 1915 1024 1964; x_wconf 89' lang='lat'>9,</span> <span class='ocrx_word' id='word_1_175' title='bbox 1036 1899 1079 1963; x_wconf 81' lang='lat'>13,</span> <span class='ocrx_word' id='word_1_176' title='bbox 1089 1911 1115 1950; x_wconf 89' lang='lat' dir='ltr'>et</span> <span class='ocrx_word' id='word_1_177' title='bbox 1123 1896 1191 1950; x_wconf 89' lang='lat' dir='ltr'>Plin.</span> <span class='ocrx_word' id='word_1_178' title='bbox 1201 1896 1313 1960; x_wconf 85' lang='lat' dir='ltr'><strong>XVIII,</strong></span> <span class='ocrx_word' id='word_1_179' title='bbox 1324 1915 1416 1967; x_wconf 79' lang='lat'><strong>7—10-</strong></span> 
     </span>
     <span class='ocr_line' id='line_1_17' title="bbox 346 1963 1417 2048; baseline 0.011 -34"><span class='ocrx_word' id='word_1_180' title='bbox 346 1994 381 2003; x_wconf 90' lang='lat'><em>-</em></span> <span class='ocrx_word' id='word_1_181' title='bbox 391 1969 525 2030; x_wconf 75' lang='lat' dir='ltr'>Memento,</span> <span class='ocrx_word' id='word_1_182' title='bbox 538 1963 661 2040; x_wconf 66' lang='grc' dir='ltr'>μῖμιηπ,</span> <span class='ocrx_word' id='word_1_183' title='bbox 672 1976 791 2036; x_wconf 71' lang='lat' dir='ltr'>cohibere,</span> <span class='ocrx_word' id='word_1_184' title='bbox 805 1993 854 2047; x_wconf 82' lang='lat' dir='ltr'>pro</span> <span class='ocrx_word' id='word_1_185' title='bbox 864 1974 960 2029; x_wconf 81' lang='lat' dir='ltr'>cobibe</span> <span class='ocrx_word' id='word_1_186' title='bbox 973 1975 1037 2044; x_wconf 78' lang='lat' dir='ltr'>(sed</span> <span class='ocrx_word' id='word_1_187' title='bbox 1047 1979 1146 2048; x_wconf 77' lang='lat' dir='ltr'>majore</span> <span class='ocrx_word' id='word_1_188' title='bbox 1158 1993 1219 2028; x_wconf 85' lang='lat' dir='ltr'>cum</span> <span class='ocrx_word' id='word_1_189' title='bbox 1230 1975 1276 2044; x_wconf 85' lang='lat' dir='ltr'>vi)</span> <span class='ocrx_word' id='word_1_190' title='bbox 1291 1979 1417 2034; x_wconf 74' lang='lat' dir='ltr'>dextrane,</span> 
     </span>
     <span class='ocr_line' id='line_1_18' title="bbox 346 2049 1417 2132; baseline 0.014 -32"><span class='ocrx_word' id='word_1_191' title='bbox 346 2067 467 2118; x_wconf 86' lang='lat' dir='ltr'>manum,</span> <span class='ocrx_word' id='word_1_192' title='bbox 477 2071 490 2104; x_wconf 86' lang='lat' dir='ltr'>a</span> <span class='ocrx_word' id='word_1_193' title='bbox 502 2055 545 2106; x_wconf 83' lang='lat' dir='ltr'>tali</span> <span class='ocrx_word' id='word_1_194' title='bbox 555 2074 634 2126; x_wconf 84' lang='lat' dir='ltr'>pane,</span> <span class='ocrx_word' id='word_1_195' title='bbox 643 2077 707 2111; x_wconf 87' lang='lat' dir='ltr'>cave</span> <span class='ocrx_word' id='word_1_196' title='bbox 716 2077 777 2112; x_wconf 88' lang='lat' dir='ltr'>eum</span> <span class='ocrx_word' id='word_1_197' title='bbox 786 2071 876 2132; x_wconf 83' lang='lat' dir='ltr'>tangas</span> <span class='ocrx_word' id='word_1_198' title='bbox 886 2072 931 2112; x_wconf 86' lang='lat' dir='ltr'>aut</span> <span class='ocrx_word' id='word_1_199' title='bbox 939 2079 1035 2114; x_wconf 80' lang='lat' dir='ltr'>suasae.</span> <span class='ocrx_word' id='word_1_200' title='bbox 1044 2089 1080 2100; x_wconf 87' lang='lat'><em>-</em></span> <span class='ocrx_word' id='word_1_201' title='bbox 1088 2061 1131 2114; x_wconf 86' lang='lat' dir='ltr'>Ci.</span> <span class='ocrx_word' id='word_1_202' title='bbox 1139 2061 1180 2112; x_wconf 86' lang='lat' dir='ltr'>vl</span> <span class='ocrx_word' id='word_1_203' title='bbox 1187 2099 1194 2124; x_wconf 91' lang='lat'>,</span> <span class='ocrx_word' id='word_1_204' title='bbox 1202 2061 1268 2130; x_wconf 80' lang='lat'>572,</span> <span class='ocrx_word' id='word_1_205' title='bbox 1277 2071 1302 2112; x_wconf 92' lang='lat' dir='ltr'>et</span> <span class='ocrx_word' id='word_1_206' title='bbox 1312 2049 1355 2112; x_wconf 86' lang='lat' dir='ltr'>IX</span> <span class='ocrx_word' id='word_1_207' title='bbox 1363 2101 1371 2126; x_wconf 93' lang='lat'>,</span> <span class='ocrx_word' id='word_1_208' title='bbox 1378 2061 1417 2127; x_wconf 73' lang='lat'>93.</span> 
     </span>
    </p>
   </div>
   <div class='ocr_carea' id='block_1_10' title="bbox 349 2197 1420 2522">
    <p class='ocr_par' dir='ltr' id='par_1_10' title="bbox 349 2197 1420 2522">
     <span class='ocr_line' id='line_1_19' title="bbox 381 2197 1419 2274; baseline -0.01 -14"><span class='ocrx_word' id='word_1_209' title='bbox 381 2197 453 2244; x_wconf 60' lang='lat' dir='ltr'>Vn·</span> <span class='ocrx_word' id='word_1_210' title='bbox 468 2213 508 2258; x_wconf 74' lang='lat'>7¹³·</span> <span class='ocrx_word' id='word_1_211' title='bbox 518 2201 640 2263; x_wconf 76' lang='lat' dir='ltr'>Anoptae,</span> <span class='ocrx_word' id='word_1_212' title='bbox 657 2219 684 2263; x_wconf 88' lang='lat'>1,</span> <span class='ocrx_word' id='word_1_213' title='bbox 695 2220 741 2265; x_wconf 85' lang='lat'>70,</span> <span class='ocrx_word' id='word_1_214' title='bbox 752 2205 798 2266; x_wconf 80' lang='lat'>75,</span> <span class='ocrx_word' id='word_1_215' title='bbox 811 2206 858 2265; x_wconf 84' lang='lat'>76,</span> <span class='ocrx_word' id='word_1_216' title='bbox 870 2205 911 2252; x_wconf 75' lang='lat' dir='ltr'>ss.</span> <span class='ocrx_word' id='word_1_217' title='bbox 922 2205 1069 2274; x_wconf 78' lang='lat' dir='ltr'>Artocoptae‚</span> <span class='ocrx_word' id='word_1_218' title='bbox 1081 2205 1142 2256; x_wconf 86' lang='lat' dir='ltr'>Cod.</span> <span class='ocrx_word' id='word_1_219' title='bbox 1153 2205 1249 2254; x_wconf 83' lang='lat' dir='ltr'>Tbuan.</span> <span class='ocrx_word' id='word_1_220' title='bbox 1263 2221 1285 2252; x_wconf 84' lang='grc' dir='ltr'>ι.</span> <span class='ocrx_word' id='word_1_221' title='bbox 1296 2205 1419 2269; x_wconf 80' lang='lat' dir='ltr'>Artocopi,</span> 
     </span>
     <span class='ocr_line' id='line_1_20' title="bbox 351 2287 1419 2351; baseline -0.007 -10"><span class='ocrx_word' id='word_1_222' title='bbox 351 2293 586 2344; x_wconf 68' lang='lat' dir='ltr'>to—-ru,14-17‚</span> <span class='ocrx_word' id='word_1_223' title='bbox 599 2302 710 2348; x_wconf 77' lang='lat'>20—27,</span> <span class='ocrx_word' id='word_1_224' title='bbox 722 2289 834 2348; x_wconf 70' lang='grc'>45-50,</span> <span class='ocrx_word' id='word_1_225' title='bbox 849 2289 962 2351; x_wconf 68' lang='lat'>54—69,</span> <span class='ocrx_word' id='word_1_226' title='bbox 975 2298 1091 2350; x_wconf 68' lang='lat'>71-74,</span> <span class='ocrx_word' id='word_1_227' title='bbox 1101 2299 1125 2336; x_wconf 88' lang='lat' dir='ltr'>et</span> <span class='ocrx_word' id='word_1_228' title='bbox 1134 2287 1338 2337; x_wconf 79' lang='lat' dir='ltr'>xxtt1vcodd.</span> <span class='ocrx_word' id='word_1_229' title='bbox 1347 2287 1419 2336; x_wconf 75' lang='lat' dir='ltr'>Paris,</span> 
     </span>
     <span class='ocr_line' id='line_1_21' title="bbox 349 2363 1420 2438; baseline 0.011 -30"><span class='ocrx_word' id='word_1_230' title='bbox 349 2363 462 2426; x_wconf 80' lang='lat' dir='ltr'>equibus</span> <span class='ocrx_word' id='word_1_231' title='bbox 473 2365 536 2415; x_wconf 88' lang='lat' dir='ltr'>banc</span> <span class='ocrx_word' id='word_1_232' title='bbox 547 2369 677 2418; x_wconf 86' lang='lat' dir='ltr'>lectionem</span> <span class='ocrx_word' id='word_1_233' title='bbox 688 2373 799 2420; x_wconf 78' lang='lat' dir='ltr'>revocavi</span> <span class='ocrx_word' id='word_1_234' title='bbox 812 2390 868 2421; x_wconf 90' lang='lat' dir='ltr'>cum</span> <span class='ocrx_word' id='word_1_235' title='bbox 881 2373 943 2421; x_wconf 82' lang='lat' dir='ltr'>Acb.</span> <span class='ocrx_word' id='word_1_236' title='bbox 954 2383 980 2421; x_wconf 89' lang='lat' dir='ltr'>ut</span> <span class='ocrx_word' id='word_1_237' title='bbox 989 2373 1129 2438; x_wconf 73' lang='lat' dir='ltr'>designetur</span> <span class='ocrx_word' id='word_1_238' title='bbox 1138 2373 1176 2420; x_wconf 82' lang='lat' dir='ltr'>vel</span> <span class='ocrx_word' id='word_1_239' title='bbox 1185 2373 1276 2438; x_wconf 86' lang='lat' dir='ltr'>pistor,</span> <span class='ocrx_word' id='word_1_240' title='bbox 1289 2373 1329 2420; x_wconf 82' lang='lat' dir='ltr'>rel</span> <span class='ocrx_word' id='word_1_241' title='bbox 1342 2373 1420 2436; x_wconf 74' lang='lat' dir='ltr'>potius</span> 
     </span>
     <span class='ocr_line' id='line_1_22' title="bbox 351 2451 983 2522; baseline 0.016 -29"><span class='ocrx_word' id='word_1_242' title='bbox 351 2463 443 2508; x_wconf 81' lang='lat' dir='ltr'>servus,</span> <span class='ocrx_word' id='word_1_243' title='bbox 455 2451 498 2513; x_wconf 88' lang='lat' dir='ltr'>qui</span> <span class='ocrx_word' id='word_1_244' title='bbox 509 2469 598 2518; x_wconf 87' lang='lat' dir='ltr'>panem</span> <span class='ocrx_word' id='word_1_245' title='bbox 609 2457 721 2504; x_wconf 83' lang='lat' dir='ltr'>secuerit.</span> <span class='ocrx_word' id='word_1_246' title='bbox 732 2455 875 2522; x_wconf 78' lang='lat' dir='ltr'>Anbecopi,</span> <span class='ocrx_word' id='word_1_247' title='bbox 891 2457 930 2518; x_wconf 80' lang='lat'>13,</span> <span class='ocrx_word' id='word_1_248' title='bbox 943 2473 983 2520; x_wconf 83' lang='lat'>¹9·</span> 
     </span>
    </p>
   </div>
   <div class='ocr_carea' id='block_1_11' title="bbox 385 2552 1420 2634">
    <p class='ocr_par' dir='ltr' id='par_1_11' title="bbox 385 2552 1420 2634">
     <span class='ocr_line' id='line_1_23' title="bbox 385 2552 1420 2634; baseline 0.007 -29"><span class='ocrx_word' id='word_1_249' title='bbox 385 2552 452 2607; x_wconf 86' lang='lat' dir='ltr'>Nor.</span> <span class='ocrx_word' id='word_1_250' title='bbox 473 2573 515 2625; x_wconf 82' lang='lat'>7²·</span> <span class='ocrx_word' id='word_1_251' title='bbox 531 2563 645 2626; x_wconf 77' lang='lat' dir='ltr'>Anoeopi</span> <span class='ocrx_word' id='word_1_252' title='bbox 653 2560 710 2623; x_wconf 82' lang='lat' dir='ltr'>alii,</span> <span class='ocrx_word' id='word_1_253' title='bbox 719 2561 764 2613; x_wconf 85' lang='lat' dir='ltr'>alii</span> <span class='ocrx_word' id='word_1_254' title='bbox 773 2575 875 2630; x_wconf 85' lang='lat' dir='ltr'>artopeoe</span> <span class='ocrx_word' id='word_1_255' title='bbox 884 2562 974 2634; x_wconf 84' lang='lat' dir='ltr'>legunt</span> <span class='ocrx_word' id='word_1_256' title='bbox 985 2560 1053 2630; x_wconf 81' lang='lat' dir='ltr'>(vid.</span> <span class='ocrx_word' id='word_1_257' title='bbox 1065 2562 1121 2611; x_wconf 86' lang='lat' dir='ltr'>Var</span> <span class='ocrx_word' id='word_1_258' title='bbox 1139 2561 1238 2630; x_wconf 89' lang='lat' dir='ltr'>Lect.)‚</span> <span class='ocrx_word' id='word_1_259' title='bbox 1250 2572 1276 2612; x_wconf 87' lang='lat' dir='ltr'>et</span> <span class='ocrx_word' id='word_1_260' title='bbox 1287 2559 1337 2612; x_wconf 83' lang='lat' dir='ltr'>has</span> <span class='ocrx_word' id='word_1_261' title='bbox 1346 2579 1420 2614; x_wconf 80' lang='lat' dir='ltr'>voces</span> 
     </span>
    </p>
   </div>
   <div class='ocr_carea' id='block_1_12' title="bbox 351 2640 1525 2716">
    <p class='ocr_par' dir='ltr' id='par_1_12' title="bbox 351 2640 1525 2716">
     <span class='ocr_line' id='line_1_24' title="bbox 351 2640 1525 2716; baseline 0.006 -25"><span class='ocrx_word' id='word_1_262' title='bbox 351 2640 423 2692; x_wconf 75' lang='lat' dir='ltr'>varie</span> <span class='ocrx_word' id='word_1_263' title='bbox 440 2641 650 2714; x_wconf 84' lang='lat' dir='ltr'>interpretantur.</span> <span class='ocrx_word' id='word_1_264' title='bbox 670 2646 753 2699; x_wconf 89' lang='lat' dir='ltr'>Vetus</span> <span class='ocrx_word' id='word_1_265' title='bbox 771 2646 861 2700; x_wconf 87' lang='lat' dir='ltr'>Schol.</span> <span class='ocrx_word' id='word_1_266' title='bbox 884 2645 1045 2716; x_wconf 81' lang='lat' dir='ltr'>intelligebat</span> <span class='ocrx_word' id='word_1_267' title='bbox 1061 2643 1119 2709; x_wconf 83' lang='lat' dir='ltr'>vel,</span> <span class='ocrx_word' id='word_1_268' title='bbox 1138 2644 1279 2708; x_wconf 72' lang='lat' dir='ltr'>utaemulti,</span> <span class='ocrx_word' id='word_1_269' title='bbox 1296 2644 1419 2715; x_wconf 85' lang='lat' dir='ltr'>pistorem</span> <span class='ocrx_word' id='word_1_270' title='bbox 1524 2669 1525 2676; x_wconf 49' lang='lat'>¹</span> 
     </span>
    </p>
   </div>
   <div class='ocr_carea' id='block_1_13' title="bbox 350 2715 1435 3522">
    <p class='ocr_par' dir='ltr' id='par_1_13' title="bbox 350 2715 1435 3522">
     <span class='ocr_line' id='line_1_25' title="bbox 352 2715 1420 2812; baseline 0.004 -40"><span class='ocrx_word' id='word_1_271' title='bbox 352 2719 414 2812; x_wconf 70' lang='lat' dir='ltr'>(tpsl</span> <span class='ocrx_word' id='word_1_272' title='bbox 425 2719 473 2773; x_wconf 87' lang='lat' dir='ltr'>Gr.</span> <span class='ocrx_word' id='word_1_273' title='bbox 486 2732 541 2774; x_wconf 87' lang='lat' dir='ltr'>tum</span> <span class='ocrx_word' id='word_1_274' title='bbox 552 2715 695 2792; x_wconf 52' lang='lat' dir='ltr'>&amp;prasinos</span> <span class='ocrx_word' id='word_1_275' title='bbox 702 2723 800 2776; x_wconf 83' lang='lat' dir='ltr'>dicitur</span> <span class='ocrx_word' id='word_1_276' title='bbox 809 2725 842 2776; x_wconf 85' lang='lat' dir='ltr'>ab</span> <span class='ocrx_word' id='word_1_277' title='bbox 852 2715 928 2800; x_wconf 59' lang='lat' dir='ltr'>nigrae</span> <span class='ocrx_word' id='word_1_278' title='bbox 938 2737 963 2778; x_wconf 90' lang='lat' dir='ltr'>et</span> <span class='ocrx_word' id='word_1_279' title='bbox 975 2719 1075 2790; x_wconf 72' lang='lat' dir='ltr'>sinen,</span> <span class='ocrx_word' id='word_1_280' title='bbox 1087 2723 1190 2786; x_wconf 82' lang='lat' dir='ltr'>scindo,</span> <span class='ocrx_word' id='word_1_281' title='bbox 1200 2742 1247 2777; x_wconf 83' lang='lat' dir='ltr'>seu</span> <span class='ocrx_word' id='word_1_282' title='bbox 1254 2723 1351 2789; x_wconf 87' lang='lat' dir='ltr'>toudo,</span> <span class='ocrx_word' id='word_1_283' title='bbox 1362 2725 1420 2776; x_wconf 78' lang='lat' dir='ltr'>vela</span> 
     </span>
     <span class='ocr_line' id='line_1_26' title="bbox 350 2793 1419 2876; baseline 0.007 -27"><span class='ocrx_word' id='word_1_284' title='bbox 350 2817 433 2868; x_wconf 59' lang='lat' dir='ltr'>unq,</span> <span class='ocrx_word' id='word_1_285' title='bbox 446 2800 548 2866; x_wconf 80' lang='lat' dir='ltr'>labore,</span> <span class='ocrx_word' id='word_1_286' title='bbox 566 2821 644 2874; x_wconf 89' lang='lat' dir='ltr'>quem</span> <span class='ocrx_word' id='word_1_287' title='bbox 662 2803 724 2874; x_wconf 84' lang='lat' dir='ltr'>pani</span> <span class='ocrx_word' id='word_1_288' title='bbox 743 2803 863 2856; x_wconf 83' lang='lat' dir='ltr'>faciendo</span> <span class='ocrx_word' id='word_1_289' title='bbox 880 2803 1023 2876; x_wconf 86' lang='lat' dir='ltr'>impendit.</span> <span class='ocrx_word' id='word_1_290' title='bbox 1042 2816 1098 2856; x_wconf 88' lang='lat' dir='ltr'>tum</span> <span class='ocrx_word' id='word_1_291' title='bbox 1116 2797 1293 2876; x_wconf 58' lang='lat' dir='ltr'>iprimsab</span> <span class='ocrx_word' id='word_1_292' title='bbox 1308 2793 1386 2875; x_wconf 61' lang='lat' dir='ltr'>dares</span> <span class='ocrx_word' id='word_1_293' title='bbox 1398 2817 1419 2856; x_wconf 86' lang='lat' dir='ltr'>et</span> 
     </span>
     <span class='ocr_line' id='line_1_27' title="bbox 352 2869 1422 2956; baseline 0.02 -28"><span class='ocrx_word' id='word_1_294' title='bbox 352 2869 453 2946; x_wconf 66' lang='lat' dir='ltr'>inercie,</span> <span class='ocrx_word' id='word_1_295' title='bbox 466 2891 564 2946; x_wconf 86' lang='lat' dir='ltr'>torreo,</span> <span class='ocrx_word' id='word_1_296' title='bbox 575 2885 692 2954; x_wconf 87' lang='lat' dir='ltr'>coquo),</span> <span class='ocrx_word' id='word_1_297' title='bbox 707 2882 749 2936; x_wconf 81' lang='lat' dir='ltr'>vel</span> <span class='ocrx_word' id='word_1_298' title='bbox 758 2901 816 2948; x_wconf 78' lang='lat' dir='ltr'>vas,</span> <span class='ocrx_word' id='word_1_299' title='bbox 825 2884 854 2936; x_wconf 93' lang='lat' dir='ltr'>in</span> <span class='ocrx_word' id='word_1_300' title='bbox 865 2903 919 2956; x_wconf 83' lang='lat' dir='ltr'>quo</span> <span class='ocrx_word' id='word_1_301' title='bbox 931 2885 1006 2956; x_wconf 86' lang='lat' dir='ltr'>panis</span> <span class='ocrx_word' id='word_1_302' title='bbox 1017 2897 1146 2956; x_wconf 80' lang='lat' dir='ltr'>coquatur</span> <span class='ocrx_word' id='word_1_303' title='bbox 1157 2875 1326 2953; x_wconf 63' lang='lat' dir='ltr'>(inriruls</span> <span class='ocrx_word' id='word_1_304' title='bbox 1340 2883 1422 2936; x_wconf 54' lang='lat' dir='ltr'>Labi·</span> 
     </span>
     <span class='ocr_line' id='line_1_28' title="bbox 352 2955 1423 3036; baseline 0.008 -28"><span class='ocrx_word' id='word_1_305' title='bbox 352 2974 402 3008; x_wconf 88' lang='lat' dir='ltr'>uus</span> <span class='ocrx_word' id='word_1_306' title='bbox 415 2958 637 3031; x_wconf 74' lang='lat' dir='ltr'>dispensatorem,</span> <span class='ocrx_word' id='word_1_307' title='bbox 650 2961 692 3013; x_wconf 84' lang='lat' dir='ltr'>vel</span> <span class='ocrx_word' id='word_1_308' title='bbox 706 2962 916 3029; x_wconf 73' lang='lat' dir='ltr'>observatorem,</span> <span class='ocrx_word' id='word_1_309' title='bbox 935 2976 961 3016; x_wconf 92' lang='lat' dir='ltr'>et</span> <span class='ocrx_word' id='word_1_310' title='bbox 981 2963 1117 3022; x_wconf 79' lang='lat' dir='ltr'>custodem</span> <span class='ocrx_word' id='word_1_311' title='bbox 1135 2963 1224 3036; x_wconf 81' lang='lat' dir='ltr'>panis,</span> <span class='ocrx_word' id='word_1_312' title='bbox 1245 2974 1275 3016; x_wconf 86' lang='lat' dir='ltr'>ut</span> <span class='ocrx_word' id='word_1_313' title='bbox 1293 2955 1423 3033; x_wconf 67' lang='lat' dir='ltr'>ciprianus</span> 
     </span>
     <span class='ocr_line' id='line_1_29' title="bbox 351 3029 1420 3113; baseline 0.006 -26"><span class='ocrx_word' id='word_1_314' title='bbox 351 3033 438 3090; x_wconf 89' lang='lat' dir='ltr'>dictus</span> <span class='ocrx_word' id='word_1_315' title='bbox 455 3039 488 3090; x_wconf 87' lang='lat' dir='ltr'>sit</span> <span class='ocrx_word' id='word_1_316' title='bbox 505 3039 539 3090; x_wconf 85' lang='lat' dir='ltr'>ab</span> <span class='ocrx_word' id='word_1_317' title='bbox 557 3029 687 3109; x_wconf 69' lang='lat' dir='ltr'>inrepens,</span> <span class='ocrx_word' id='word_1_318' title='bbox 701 3053 729 3093; x_wconf 93' lang='lat' dir='ltr'>ut</span> <span class='ocrx_word' id='word_1_319' title='bbox 741 3035 862 3102; x_wconf 65' lang='lat' dir='ltr'>utinm</span> <span class='ocrx_word' id='word_1_320' title='bbox 873 3055 899 3095; x_wconf 86' lang='lat' dir='ltr'>et</span> <span class='ocrx_word' id='word_1_321' title='bbox 913 3035 1041 3107; x_wconf 67' lang='lat' dir='ltr'>sisinum</span> <span class='ocrx_word' id='word_1_322' title='bbox 1061 3043 1105 3094; x_wconf 83' lang='lat' dir='ltr'>alii</span> <span class='ocrx_word' id='word_1_323' title='bbox 1124 3059 1247 3106; x_wconf 82' lang='lat' dir='ltr'>servum,</span> <span class='ocrx_word' id='word_1_324' title='bbox 1268 3042 1316 3112; x_wconf 87' lang='lat' dir='ltr'>qui</span> <span class='ocrx_word' id='word_1_325' title='bbox 1329 3060 1420 3113; x_wconf 82' lang='lat' dir='ltr'>panem</span> 
     </span>
     <span class='ocr_line' id='line_1_30' title="bbox 352 3110 1423 3194; baseline 0.007 -28"><span class='ocrx_word' id='word_1_326' title='bbox 352 3116 480 3181; x_wconf 80' lang='lat' dir='ltr'>secuerit,</span> <span class='ocrx_word' id='word_1_327' title='bbox 494 3113 647 3188; x_wconf 64' lang='lat' dir='ltr'>ipsaniam,</span> <span class='ocrx_word' id='word_1_328' title='bbox 661 3113 795 3173; x_wconf 70' lang='grc' dir='ltr'>ια’πτιιτι</span> <span class='ocrx_word' id='word_1_329' title='bbox 805 3111 848 3173; x_wconf 75' lang='lat' dir='ltr'>ris</span> <span class='ocrx_word' id='word_1_330' title='bbox 860 3110 949 3194; x_wconf 62' lang='lat' dir='ltr'>iprae,</span> <span class='ocrx_word' id='word_1_331' title='bbox 960 3141 1018 3194; x_wconf 76' lang='lat' dir='ltr'>que</span> <span class='ocrx_word' id='word_1_332' title='bbox 1029 3121 1166 3193; x_wconf 74' lang='lat' dir='ltr'>explicatio</span> <span class='ocrx_word' id='word_1_333' title='bbox 1177 3121 1269 3174; x_wconf 84' lang='lat' dir='ltr'>ceteris</span> <span class='ocrx_word' id='word_1_334' title='bbox 1279 3121 1423 3193; x_wconf 72' lang='lat' dir='ltr'>simplicior</span> 
     </span>
     <span class='ocr_line' id='line_1_31' title="bbox 352 3193 1422 3272; baseline 0.007 -26"><span class='ocrx_word' id='word_1_335' title='bbox 352 3193 472 3262; x_wconf 59' lang='lat' dir='ltr'>videtum</span> <span class='ocrx_word' id='word_1_336' title='bbox 493 3195 609 3250; x_wconf 84' lang='lat' dir='ltr'>Britann.</span> <span class='ocrx_word' id='word_1_337' title='bbox 621 3218 715 3270; x_wconf 83' lang='lat' dir='ltr'>panem</span> <span class='ocrx_word' id='word_1_338' title='bbox 734 3199 898 3272; x_wconf 82' lang='lat' dir='ltr'>siligineum,</span> <span class='ocrx_word' id='word_1_339' title='bbox 919 3202 1000 3254; x_wconf 89' lang='lat' dir='ltr'>multo</span> <span class='ocrx_word' id='word_1_340' title='bbox 1020 3202 1110 3252; x_wconf 81' lang='lat' dir='ltr'>labore</span> <span class='ocrx_word' id='word_1_341' title='bbox 1127 3193 1231 3270; x_wconf 60' lang='lat' dir='ltr'>(aava)</span> <span class='ocrx_word' id='word_1_342' title='bbox 1253 3199 1422 3266; x_wconf 65' lang='lat' dir='ltr'>conlectum</span> 
     </span>
     <span class='ocr_line' id='line_1_32' title="bbox 353 3278 1424 3356; baseline 0.005 -26"><span class='ocrx_word' id='word_1_343' title='bbox 353 3278 457 3332; x_wconf 84' lang='lat' dir='ltr'>Ferrar.</span> <span class='ocrx_word' id='word_1_344' title='bbox 467 3281 549 3336; x_wconf 84' lang='lat' dir='ltr'>Elect.</span> <span class='ocrx_word' id='word_1_345' title='bbox 560 3283 603 3350; x_wconf 87' lang='lat'>11,</span> <span class='ocrx_word' id='word_1_346' title='bbox 617 3299 660 3349; x_wconf 87' lang='lat' dir='ltr'>to,</span> <span class='ocrx_word' id='word_1_347' title='bbox 671 3301 766 3355; x_wconf 85' lang='lat' dir='ltr'>panem</span> <span class='ocrx_word' id='word_1_348' title='bbox 776 3297 903 3349; x_wconf 79' lang='lat' dir='ltr'>assatum,</span> <span class='ocrx_word' id='word_1_349' title='bbox 916 3303 962 3338; x_wconf 88' lang='lat' dir='ltr'>seu</span> <span class='ocrx_word' id='word_1_350' title='bbox 971 3282 1152 3336; x_wconf 74' lang='lat' dir='ltr'>eocharitidem</span> <span class='ocrx_word' id='word_1_351' title='bbox 1163 3323 1170 3348; x_wconf 94' lang='lat'>,</span> <span class='ocrx_word' id='word_1_352' title='bbox 1184 3303 1237 3336; x_wconf 91' lang='lat' dir='ltr'>non</span> <span class='ocrx_word' id='word_1_353' title='bbox 1246 3283 1327 3350; x_wconf 90' lang='lat' dir='ltr'>male,</span> <span class='ocrx_word' id='word_1_354' title='bbox 1336 3283 1424 3356; x_wconf 81' lang='lat' dir='ltr'>judice</span> 
     </span>
     <span class='ocr_line' id='line_1_33' title="bbox 354 3357 1435 3440; baseline 0.006 -24"><span class='ocrx_word' id='word_1_355' title='bbox 354 3364 432 3416; x_wconf 88' lang='lat' dir='ltr'>etiam</span> <span class='ocrx_word' id='word_1_356' title='bbox 440 3365 583 3432; x_wconf 87' lang='lat' dir='ltr'>Henninio,</span> <span class='ocrx_word' id='word_1_357' title='bbox 596 3370 671 3440; x_wconf 85' lang='lat' dir='ltr'>cujus</span> <span class='ocrx_word' id='word_1_358' title='bbox 680 3379 739 3419; x_wconf 87' lang='lat' dir='ltr'>nota</span> <span class='ocrx_word' id='word_1_359' title='bbox 751 3380 789 3420; x_wconf 88' lang='lat' dir='ltr'>est</span> <span class='ocrx_word' id='word_1_360' title='bbox 801 3387 807 3422; x_wconf 94' lang='lat'><strong>:</strong></span> <span class='ocrx_word' id='word_1_361' title='bbox 822 3396 832 3416; x_wconf 83' lang='grc' dir='ltr'>ι</span> <span class='ocrx_word' id='word_1_362' title='bbox 841 3368 918 3421; x_wconf 84' lang='lat' dir='ltr'>Panis</span> <span class='ocrx_word' id='word_1_363' title='bbox 929 3367 1049 3420; x_wconf 89' lang='lat' dir='ltr'>nonnihil</span> <span class='ocrx_word' id='word_1_364' title='bbox 1061 3380 1159 3421; x_wconf 83' lang='lat' dir='ltr'>assatus</span> <span class='ocrx_word' id='word_1_365' title='bbox 1170 3367 1340 3438; x_wconf 83' lang='lat' dir='ltr'>intelligatur,</span> <span class='ocrx_word' id='word_1_366' title='bbox 1347 3357 1435 3440; x_wconf 41' lang='lat' dir='ltr'>quem·</span> 
     </span>
     <span class='ocr_line' id='line_1_34' title="bbox 355 3441 1423 3522; baseline 0.006 -25"><span class='ocrx_word' id='word_1_367' title='bbox 355 3444 442 3518; x_wconf 80' lang='lat' dir='ltr'>Belgte</span> <span class='ocrx_word' id='word_1_368' title='bbox 452 3463 550 3516; x_wconf 81' lang='lat' dir='ltr'>gemspt</span> <span class='ocrx_word' id='word_1_369' title='bbox 560 3453 703 3501; x_wconf 75' lang='lat' dir='ltr'>wirebmd</span> <span class='ocrx_word' id='word_1_370' title='bbox 713 3441 859 3522; x_wconf 83' lang='lat' dir='ltr'>appellant,</span> <span class='ocrx_word' id='word_1_371' title='bbox 872 3449 901 3503; x_wconf 92' lang='lat' dir='ltr'>id</span> <span class='ocrx_word' id='word_1_372' title='bbox 914 3463 966 3515; x_wconf 85' lang='lat' dir='ltr'>est,</span> <span class='ocrx_word' id='word_1_373' title='bbox 979 3467 1061 3522; x_wconf 80' lang='lat' dir='ltr'>panes</span> <span class='ocrx_word' id='word_1_374' title='bbox 1074 3450 1189 3503; x_wconf 86' lang='lat' dir='ltr'>triticeos</span> <span class='ocrx_word' id='word_1_375' title='bbox 1202 3469 1274 3504; x_wconf 84' lang='lat' dir='ltr'>rasos</span> <span class='ocrx_word' id='word_1_376' title='bbox 1289 3449 1317 3501; x_wconf 88' lang='lat' dir='ltr'>in</span> <span class='ocrx_word' id='word_1_377' title='bbox 1332 3452 1423 3503; x_wconf 83' lang='lat' dir='ltr'>crustis</span> 
     </span>
    </p>
   </div>
   <div class='ocr_carea' id='block_1_14' title="bbox 252 3528 1425 3605">
    <p class='ocr_par' dir='ltr' id='par_1_14' title="bbox 252 3528 1425 3605">
     <span class='ocr_line' id='line_1_35' title="bbox 252 3528 1425 3605; baseline 0.005 -24"><span class='ocrx_word' id='word_1_378' title='bbox 252 3572 260 3589; x_wconf 78' lang='grc'>,</span> <span class='ocrx_word' id='word_1_379' title='bbox 355 3528 538 3596; x_wconf 83' lang='lat' dir='ltr'>exterioribus,</span> <span class='ocrx_word' id='word_1_380' title='bbox 552 3532 598 3603; x_wconf 90' lang='lat' dir='ltr'>qui</span> <span class='ocrx_word' id='word_1_381' title='bbox 610 3531 770 3584; x_wconf 79' lang='lat' dir='ltr'>beatioribus</span> <span class='ocrx_word' id='word_1_382' title='bbox 780 3533 808 3585; x_wconf 87' lang='lat' dir='ltr'>in</span> <span class='ocrx_word' id='word_1_383' title='bbox 817 3532 919 3586; x_wconf 86' lang='lat' dir='ltr'>deliciis</span> <span class='ocrx_word' id='word_1_384' title='bbox 927 3545 1002 3599; x_wconf 89' lang='lat' dir='ltr'>suut;</span> <span class='ocrx_word' id='word_1_385' title='bbox 1017 3545 1046 3585; x_wconf 92' lang='lat' dir='ltr'>ut</span> <span class='ocrx_word' id='word_1_386' title='bbox 1055 3544 1131 3605; x_wconf 87' lang='lat' dir='ltr'>poeta</span> <span class='ocrx_word' id='word_1_387' title='bbox 1141 3533 1284 3605; x_wconf 83' lang='lat' dir='ltr'>parasitum</span> <span class='ocrx_word' id='word_1_388' title='bbox 1294 3574 1302 3598; x_wconf 90' lang='lat'>‚</span> <span class='ocrx_word' id='word_1_389' title='bbox 1316 3533 1425 3587; x_wconf 82' lang='lat' dir='ltr'>mirifice</span> 
     </span>
    </p>
   </div>
   <div class='ocr_carea' id='block_1_15' title="bbox 355 3611 1426 4272">
    <p class='ocr_par' dir='ltr' id='par_1_15' title="bbox 355 3611 1426 4272">
     <span class='ocr_line' id='line_1_36' title="bbox 355 3611 1424 3687; baseline 0.003 -22"><span class='ocrx_word' id='word_1_390' title='bbox 355 3611 537 3684; x_wconf 80' lang='lat' dir='ltr'>indignitatem</span> <span class='ocrx_word' id='word_1_391' title='bbox 550 3615 589 3668; x_wconf 91' lang='lat' dir='ltr'>rei</span> <span class='ocrx_word' id='word_1_392' title='bbox 603 3633 773 3687; x_wconf 82' lang='lat' dir='ltr'>exaggerans,</span> <span class='ocrx_word' id='word_1_393' title='bbox 789 3628 908 3680; x_wconf 80' lang='lat' dir='ltr'>moneat,</span> <span class='ocrx_word' id='word_1_394' title='bbox 929 3617 1090 3667; x_wconf 65' lang='lat' dir='ltr'>reverentiam</span> <span class='ocrx_word' id='word_1_395' title='bbox 1103 3615 1210 3682; x_wconf 86' lang='lat' dir='ltr'>deberi,</span> <span class='ocrx_word' id='word_1_396' title='bbox 1229 3614 1257 3668; x_wconf 93' lang='lat' dir='ltr'>id</span> <span class='ocrx_word' id='word_1_397' title='bbox 1272 3627 1328 3682; x_wconf 83' lang='lat' dir='ltr'>est,</span> <span class='ocrx_word' id='word_1_398' title='bbox 1347 3617 1424 3668; x_wconf 81' lang='lat' dir='ltr'>absti-</span> 
     </span>
     <span class='ocr_line' id='line_1_37' title="bbox 357 3694 1425 3770; baseline 0.006 -24"><span class='ocrx_word' id='word_1_399' title='bbox 357 3694 474 3748; x_wconf 85' lang='lat' dir='ltr'>nendum</span> <span class='ocrx_word' id='word_1_400' title='bbox 486 3715 556 3763; x_wconf 83' lang='lat' dir='ltr'>esse,</span> <span class='ocrx_word' id='word_1_401' title='bbox 568 3710 692 3770; x_wconf 86' lang='lat' dir='ltr'>tanquam</span> <span class='ocrx_word' id='word_1_402' title='bbox 703 3718 732 3751; x_wconf 90' lang='lat' dir='ltr'>re</span> <span class='ocrx_word' id='word_1_403' title='bbox 742 3717 831 3762; x_wconf 83' lang='lat' dir='ltr'>sacru,</span> <span class='ocrx_word' id='word_1_404' title='bbox 844 3717 912 3768; x_wconf 82' lang='lat' dir='ltr'>pane</span> <span class='ocrx_word' id='word_1_405' title='bbox 921 3698 1000 3770; x_wconf 87' lang='lat' dir='ltr'>regis,</span> <span class='ocrx_word' id='word_1_406' title='bbox 1010 3709 1111 3765; x_wconf 88' lang='lat' dir='ltr'>tenero,</span> <span class='ocrx_word' id='word_1_407' title='bbox 1120 3699 1199 3752; x_wconf 82' lang='lat' dir='ltr'>niveo</span> <span class='ocrx_word' id='word_1_408' title='bbox 1207 3711 1233 3750; x_wconf 86' lang='lat' dir='ltr'>et</span> <span class='ocrx_word' id='word_1_409' title='bbox 1241 3697 1316 3750; x_wconf 91' lang='lat' dir='ltr'>molli</span> <span class='ocrx_word' id='word_1_410' title='bbox 1325 3699 1425 3770; x_wconf 82' lang='lat' dir='ltr'>siligine</span> 
     </span>
     <span class='ocr_line' id='line_1_38' title="bbox 358 3777 1426 3855; baseline 0.007 -25"><span class='ocrx_word' id='word_1_411' title='bbox 358 3777 443 3842; x_wconf 82' lang='lat' dir='ltr'>lacto,</span> <span class='ocrx_word' id='word_1_412' title='bbox 456 3791 485 3832; x_wconf 88' lang='lat' dir='ltr'>ut</span> <span class='ocrx_word' id='word_1_413' title='bbox 496 3781 583 3851; x_wconf 87' lang='lat' dir='ltr'>potius</span> <span class='ocrx_word' id='word_1_414' title='bbox 596 3785 694 3834; x_wconf 84' lang='lat' dir='ltr'>mucida</span> <span class='ocrx_word' id='word_1_415' title='bbox 706 3785 793 3834; x_wconf 63' lang='lat' dir='ltr'>solidae</span> <span class='ocrx_word' id='word_1_416' title='bbox 802 3783 898 3850; x_wconf 82' lang='lat' dir='ltr'>sarinoe</span> <span class='ocrx_word' id='word_1_417' title='bbox 907 3783 1008 3850; x_wconf 82' lang='lat' dir='ltr'>smsta,</span> <span class='ocrx_word' id='word_1_418' title='bbox 1022 3781 1049 3835; x_wconf 89' lang='lat' dir='ltr'>id</span> <span class='ocrx_word' id='word_1_419' title='bbox 1063 3795 1117 3849; x_wconf 87' lang='lat' dir='ltr'>eet,</span> <span class='ocrx_word' id='word_1_420' title='bbox 1138 3801 1232 3855; x_wconf 79' lang='lat' dir='ltr'>panem</span> <span class='ocrx_word' id='word_1_421' title='bbox 1251 3795 1339 3836; x_wconf 85' lang='lat' dir='ltr'>atrum</span> <span class='ocrx_word' id='word_1_422' title='bbox 1353 3795 1379 3837; x_wconf 89' lang='lat' dir='ltr'>et</span> <span class='ocrx_word' id='word_1_423' title='bbox 1390 3802 1426 3837; x_wconf 87' lang='lat' dir='ltr'>ae-</span> 
     </span>
     <span class='ocr_line' id='line_1_39' title="bbox 358 3863 1425 3938; baseline 0.004 -22"><span class='ocrx_word' id='word_1_424' title='bbox 358 3863 515 3917; x_wconf 88' lang='lat' dir='ltr'>cundarium</span> <span class='ocrx_word' id='word_1_425' title='bbox 532 3885 564 3918; x_wconf 85' lang='lat' dir='ltr'>ex</span> <span class='ocrx_word' id='word_1_426' title='bbox 580 3869 694 3918; x_wconf 82' lang='lat' dir='ltr'>canistris</span> <span class='ocrx_word' id='word_1_427' title='bbox 713 3869 829 3918; x_wconf 72' lang='lat' dir='ltr'>consuens</span> <span class='ocrx_word' id='word_1_428' title='bbox 848 3864 983 3929; x_wconf 85' lang='lat' dir='ltr'>comedat,</span> <span class='ocrx_word' id='word_1_429' title='bbox 1001 3883 1084 3938; x_wconf 86' lang='lat' dir='ltr'>quum</span> <span class='ocrx_word' id='word_1_430' title='bbox 1105 3865 1242 3920; x_wconf 86' lang='lat' dir='ltr'>audaciam</span> <span class='ocrx_word' id='word_1_431' title='bbox 1261 3869 1317 3938; x_wconf 83' lang='lat' dir='ltr'>ejus</span> <span class='ocrx_word' id='word_1_432' title='bbox 1338 3885 1425 3920; x_wconf 74' lang='lat' dir='ltr'>servus</span> 
     </span>
     <span class='ocr_line' id='line_1_40' title="bbox 359 3945 1424 4022; baseline 0.003 -24"><span class='ocrx_word' id='word_1_433' title='bbox 359 3946 434 4016; x_wconf 80' lang='lat' dir='ltr'>punis</span> <span class='ocrx_word' id='word_1_434' title='bbox 444 3945 536 4002; x_wconf 89' lang='lat' dir='ltr'>herilis</span> <span class='ocrx_word' id='word_1_435' title='bbox 545 3961 631 4003; x_wconf 82' lang='lat' dir='ltr'>custos</span> <span class='ocrx_word' id='word_1_436' title='bbox 642 3949 718 4004; x_wconf 84' lang='lat' dir='ltr'>facile</span> <span class='ocrx_word' id='word_1_437' title='bbox 728 3949 886 4022; x_wconf 82' lang='lat' dir='ltr'>prostituere</span> <span class='ocrx_word' id='word_1_438' title='bbox 896 3948 991 4021; x_wconf 88' lang='lat' dir='ltr'>possis,</span> <span class='ocrx_word' id='word_1_439' title='bbox 1005 3947 1027 4000; x_wconf 89' lang='lat' dir='ltr'>si</span> <span class='ocrx_word' id='word_1_440' title='bbox 1040 3951 1200 4016; x_wconf 83' lang='lat' dir='ltr'>impmbulum</span> <span class='ocrx_word' id='word_1_441' title='bbox 1212 3960 1346 4022; x_wconf 80' lang='lat' dir='ltr'>ruptorem</span> <span class='ocrx_word' id='word_1_442' title='bbox 1360 3950 1424 4001; x_wconf 79' lang='lat' dir='ltr'>furta</span> 
     </span>
     <span class='ocr_line' id='line_1_41' title="bbox 359 4027 1422 4108; baseline 0.005 -28"><span class='ocrx_word' id='word_1_443' title='bbox 359 4027 469 4083; x_wconf 84' lang='lat' dir='ltr'>reddere</span> <span class='ocrx_word' id='word_1_444' title='bbox 485 4045 589 4104; x_wconf 77' lang='lat' dir='ltr'>cogat·</span> <span class='ocrx_word' id='word_1_445' title='bbox 610 4034 688 4088; x_wconf 82' lang='lat' dir='ltr'>Cous.</span> <span class='ocrx_word' id='word_1_446' title='bbox 710 4035 796 4108; x_wconf 87' lang='lat' dir='ltr'>intpp.</span> <span class='ocrx_word' id='word_1_447' title='bbox 812 4033 880 4092; x_wconf 86' lang='lat' dir='ltr'>Pliu.</span> <span class='ocrx_word' id='word_1_448' title='bbox 894 4034 977 4102; x_wconf 85' lang='lat' dir='ltr'>XIX,</span> <span class='ocrx_word' id='word_1_449' title='bbox 992 4051 1039 4099; x_wconf 87' lang='grc' dir='ltr'>ιι,</span> <span class='ocrx_word' id='word_1_450' title='bbox 1052 4043 1077 4086; x_wconf 85' lang='lat' dir='ltr'>et</span> <span class='ocrx_word' id='word_1_451' title='bbox 1094 4033 1179 4086; x_wconf 89' lang='lat' dir='ltr'>Plaut.</span> <span class='ocrx_word' id='word_1_452' title='bbox 1193 4033 1280 4086; x_wconf 80' lang='lat' dir='ltr'>Aulul</span> <span class='ocrx_word' id='word_1_453' title='bbox 1297 4035 1339 4100; x_wconf 88' lang='lat'>11,</span> <span class='ocrx_word' id='word_1_454' title='bbox 1354 4051 1385 4102; x_wconf 83' lang='lat'>9,</span> <span class='ocrx_word' id='word_1_455' title='bbox 1399 4040 1422 4096; x_wconf 70' lang='grc'>4.</span> 
     </span>
     <span class='ocr_line' id='line_1_42' title="bbox 359 4115 1425 4190; baseline 0.008 -30"><span class='ocrx_word' id='word_1_456' title='bbox 359 4139 396 4152; x_wconf 88' lang='lat'>-·</span> <span class='ocrx_word' id='word_1_457' title='bbox 408 4115 482 4164; x_wconf 75' lang='lat' dir='ltr'>Salva</span> <span class='ocrx_word' id='word_1_458' title='bbox 492 4116 535 4180; x_wconf 83' lang='lat' dir='ltr'>sit,</span> <span class='ocrx_word' id='word_1_459' title='bbox 549 4133 602 4168; x_wconf 90' lang='lat' dir='ltr'>uon</span> <span class='ocrx_word' id='word_1_460' title='bbox 615 4116 735 4170; x_wconf 84' lang='lat' dir='ltr'>violetur.</span> <span class='ocrx_word' id='word_1_461' title='bbox 751 4149 786 4158; x_wconf 92' lang='lat'><em>-</em></span> <span class='ocrx_word' id='word_1_462' title='bbox 797 4119 889 4187; x_wconf 78' lang='lat' dir='ltr'>Finge,</span> <span class='ocrx_word' id='word_1_463' title='bbox 902 4117 959 4183; x_wconf 84' lang='lat' dir='ltr'>iac,</span> <span class='ocrx_word' id='word_1_464' title='bbox 970 4133 1050 4190; x_wconf 88' lang='lat' dir='ltr'>poue,</span> <span class='ocrx_word' id='word_1_465' title='bbox 1060 4129 1084 4168; x_wconf 85' lang='lat' dir='ltr'>te</span> <span class='ocrx_word' id='word_1_466' title='bbox 1093 4119 1264 4186; x_wconf 76' lang='lat' dir='ltr'>inprobulum,</span> <span class='ocrx_word' id='word_1_467' title='bbox 1276 4118 1339 4172; x_wconf 84' lang='lat' dir='ltr'>satie</span> <span class='ocrx_word' id='word_1_468' title='bbox 1350 4115 1425 4169; x_wconf 79' lang='lat' dir='ltr'>audu-</span> 
     </span>
     <span class='ocr_line' id='line_1_43' title="bbox 359 4198 1082 4272; baseline 0.012 -27"><span class='ocrx_word' id='word_1_469' title='bbox 359 4209 417 4245; x_wconf 85' lang='lat' dir='ltr'>cem</span> <span class='ocrx_word' id='word_1_470' title='bbox 432 4211 497 4258; x_wconf 84' lang='lat' dir='ltr'>esse,</span> <span class='ocrx_word' id='word_1_471' title='bbox 512 4208 541 4248; x_wconf 90' lang='lat' dir='ltr'>ut</span> <span class='ocrx_word' id='word_1_472' title='bbox 552 4215 647 4268; x_wconf 84' lang='lat' dir='ltr'>panem</span> <span class='ocrx_word' id='word_1_473' title='bbox 660 4198 809 4272; x_wconf 88' lang='lat' dir='ltr'>siligineum</span> <span class='ocrx_word' id='word_1_474' title='bbox 822 4217 920 4268; x_wconf 81' lang='lat' dir='ltr'>sumes,</span> <span class='ocrx_word' id='word_1_475' title='bbox 933 4200 975 4254; x_wconf 84' lang='lat' dir='ltr'>vel</span> <span class='ocrx_word' id='word_1_476' title='bbox 987 4199 1082 4272; x_wconf 80' lang='lat' dir='ltr'>rapias.</span> 
     </span>
    </p>
   </div>
   <div class='ocr_carea' id='block_1_16' title="bbox 0 0 1553 4984">
    <p class='ocr_par' dir='ltr' id='par_1_16' title="bbox 0 0 1553 4984">
     <span class='ocr_line' id='line_1_44' title="bbox 0 0 1553 4984; baseline 0 0"><span class='ocrx_word' id='word_1_477' title='bbox 0 0 1553 4984; x_wconf 95' lang='lat' dir='ltr'> </span> 
     </span>
    </p>
   </div>
  </div>
 </body>
</html>
