3108 4986
324 471 386 536 ²7²
472 445 640 512 VARIAE
668 443 965 518 LEC'l'IONES
994 449 1057 515 ET
1087 451 1237 520 NOTAE

322 572 409 614 tunus.
428 557 487 611 Non
506 558 607 612 facilius
624 557 678 611 lete
691 556 877 630 concoquenda
890 572 929 614 est
937 561 1051 633 vulgaris
1065 564 1251 638 interpretandi
1260 567 1328 619 ratio
1347 585 1355 621 :
1375 587 1391 622 a

317 656 401 710 posite,
415 641 458 694 vel
470 641 557 713 potius
570 662 584 693 e
592 656 685 710 ponte,
696 660 729 694 ex
738 641 846 695 bomine
855 642 938 696 infimi
949 645 1068 714 generis,
1079 659 1104 699 et
1116 647 1254 710 mendico,
1267 648 1314 720 qui
1325 649 1391 702 olim

321 726 349 778 in
370 736 450 796 ponte
466 723 578 777 sublicio
598 725 692 796 stipem
711 744 726 777 a
745 725 939 779 nauseantibus
958 729 1062 800 petebat
1081 729 1203 798 (vidend
1216 731 1292 796 xtv,
1306 729 1393 800 134),

322 807 405 860 iactus
419 809 532 868 satelles,
547 807 647 860 amicus
657 807 800 880 principis,
813 819 839 860 et
852 809 969 862 minister
981 811 1091 865 subcus.
1112 812 1164 865 Pro
1175 831 1207 866 eo
1217 813 1390 886 contemptim

320 891 449 941 satellitem
462 887 517 942 diei
529 889 657 960 putabunt
669 889 777 943 Babrdt.
794 891 885 945 etalii.
899 878 955 964 Epo
966 894 1053 966 potius
1068 895 1216 948 ministrum
1228 894 1392 950 crudelitatis

320 974 463 1028 Domitiani
478 973 609 1045 designari
625 972 799 1039 crediderim,
817 973 924 1028 undeet
935 979 1001 1028 ἀίω
1012 991 1129 1032 vocatur.
1144 978 1188 1032 Sic
1200 983 1298 1032 satelles
1307 983 1391 1031 eada-

320 1059 375 1117 os'oe,
383 1058 521 1126 potestatis,
532 1060 646 1108 seelentm
656 1054 725 1125 opud
737 1058 821 1111 Cicer.
835 1058 913 1112 Catil.
927 1060 956 1126 l,
966 1060 997 1124 ὃς
1008 1061 1099 1134 Agr-ar.
1109 1061 1153 1128 Il,
1167 1060 1197 1115 13
1207 1083 1215 1129 ;
1226 1064 1348 1118 l’mino.
1361 1063 1390 1129 3,

320 1151 345 1193 et
358 1139 470 1205 Quintil.
484 1139 517 1192 25
531 1151 597 1194 extr.
616 1138 668 1192 Sed
679 1138 740 1193 vide
750 1140 815 1194 Var.
831 1141 905 1196 Lect.
920 1171 955 1184 ·-
968 1144 1021 1196 Diu
1033 1145 1198 1218 multumque
1209 1146 1391 1218 oopiuri'qoo

319 1239 397 1275 sensu
408 1222 481 1276 lootu
493 1220 536 1276 bic
548 1221 691 1295 rapiendus
702 1222 769 1275 mibi
781 1223 848 1276 foret
857 1245 865 1289 3
874 1224 921 1278 sed
930 1244 984 1297 quo
995 1227 1054 1298 plue
1065 1245 1125 1279 eum
1137 1239 1266 1282 scrutatus
1275 1247 1347 1294 mm,
1357 1245 1391 1280 eo

320 1304 460 1376 majoribus
476 1303 636 1358 difficultatis
651 1305 728 1359 nodis
748 1305 907 1379 impeditus,
927 1308 1033 1362 demum
1046 1327 1100 1382 quo
1116 1329 1158 1363 me
1171 1323 1316 1372 venerem,
1335 1331 1390 1366 non

320 1388 410 1441 habui.
420 1389 506 1441 Nullo
515 1389 585 1442 euim
596 1387 662 1440 mibi
673 1389 835 1443 satisfaciunt
843 1391 1016 1464 interpretum
1028 1394 1151 1448 rationes.
1162 1394 1245 1448 Erud.
1256 1397 1391 1448 Arteman

319 1473 437 1544 intelligit
447 1498 458 1519 .
467 1471 575 1544 dignum
586 1473 668 1543 magis
678 1472 726 1544 qui
735 1487 781 1524 sees
790 1495 807 1524 a
813 1489 890 1542 posite
898 1479 1012 1543 satelles,
1025 1474 1053 1528 id
1063 1487 1116 1541 est,
1131 1476 1294 1540 mendicans,
1307 1497 1389 1550 quam

317 1556 364 1628 qui
372 1556 406 1608 eit
414 1555 541 1629 principie
550 1558 647 1606 saoelles
657 1567 683 1606 et
691 1556 796 1608 assecla.
805 1580 816 1602 s
827 1556 874 1608 Illa
882 1557 989 1629 quidem
997 1557 1064 1610 mibi
1074 1558 1187 1629 placeret
1196 1561 1388 1632 interpremdo,

318 1640 340 1694 ei
351 1641 480 1711 legeretur
489 1642 500 1708 (
507 1657 601 1711 parum
609 1650 696 1691 tamen
708 1639 802 1702 latine,
814 1651 845 1689 ut
854 1640 965 1710 opinor)
976 1643 1110 1708 dignaque
1119 1661 1136 1692 a
1144 1657 1237 1710 ρωπος
1246 1643 1293 1698 sed
1302 1663 1388 1716 quum

317 1741 408 1777 omnes
424 1724 478 1776 fere
488 1721 573 1775 Codd.
586 1734 676 1774 contra
693 1721 806 1784 iaciant,
821 1720 960 1792 legantque
969 1725 1045 1783 dinis,
1056 1723 1134 1777 nimie
1145 1725 1289 1798 torquenda*
1301 1727 1390 1782 some

318 1806 412 1873 rerba,
425 1817 454 1856 ut
463 1804 535 1858 bunc
545 1821 651 1857 sensum
660 1801 722 1855 iude
731 1820 806 1855 eruas
818 1819 824 1854 :
840 1801 923 1854 immo
934 1804 1000 1853 dinis
1014 1820 1067 1856 non
1079 1817 1118 1858 est
1130 1803 1199 1859 idem
1208 1825 1239 1860 ac
1247 1806 1387 1876 auidum,

317 1901 363 1962 aut
378 1889 561 1960 importunus,
578 1885 625 1940 sed
640 1903 748 1958 prorsus
763 1903 825 1937 cum
839 1883 952 1956 praeced.
969 1887 1093 1955 mortifero
1109 1890 1240 1960 congruit.
1258 1889 1333 1942 Alter
1348 1903 1388 1943 est

317 1989 407 2025 sensus
415 1989 494 2042 quem
503 1968 608 2023 doctiss.
622 1973 737 2021 Dusasslr
748 1980 773 2021 et
783 1969 882 2037 Ruperti
891 1968 973 2021 secuti
986 1979 1047 2021 sunt
1061 1989 1068 2022 :
1082 1988 1097 2023 a
1112 1971 1233 2026 mendico
1250 1974 1335 2026 iactos
1347 1987 1387 2027 est

318 2055 392 2108 dirus
411 2053 556 2106 Domitiani
575 2053 685 2108 atella.
707 2051 785 2104 llunc
799 2069 848 2122 ego
859 2047 965 2122 quoque
977 2052 1081 2124 recepi,
1099 2052 1164 2106 dum
1175 2056 1236 2128 quis
1248 2055 1387 2109 meliorem

317 2137 449 2209 proierst;
463 2155 548 2208 neque
560 2148 646 2189 tamen
658 2153 700 2188 me
713 2132 779 2186 tellit
791 2134 872 2186 multa
886 2152 918 2186 ex
931 2132 1040 2188 adverso
1052 2136 1132 2208 objici
1144 2153 1228 2208 porse.
1241 2137 1388 2209 Diligenter

315 2218 423 2292 quidem
432 2219 466 2273 de
475 2219 579 2273 Catullo
590 2218 729 2272 Messalino
742 2216 866 2289 inquisivi
877 2255 886 2279 ,
900 2227 926 2268 et
937 2233 996 2269 eum
1009 2217 1051 2270 vel
1064 2217 1144 2272 luisse
1155 2220 1271 2272 nobilem
1281 2232 1309 2273 et
1318 2219 1387 2274 diri-

315 2314 383 2368 tem,
397 2302 440 2356 rel
452 2300 560 2356 adversa
574 2301 733 2354 laboravisse
746 2302 851 2352 tortuna
863 2299 957 2352 nullibi
970 2312 1143 2354 memoratum
1156 2302 1252 2374 reperi.
1269 2303 1386 2357 Verum·

306 2395 416 2452 tamen,
427 2385 552 2457 quoniam
562 2385 718 2456 conjecture
727 2380 849 2435 standum
861 2393 914 2448 est,
925 2396 978 2434 non
987 2380 1127 2436 verisimile
1136 2383 1240 2438 videtur
1248 2384 1385 2440 bominem

315 2468 348 2520 ab
363 2467 450 2520 infima
463 2479 616 2540 paupertate
626 2465 655 2518 in
667 2476 786 2519 somnam
798 2475 824 2517 et
835 2464 964 2537 principis
977 2465 1119 2520 amicitiam
1130 2469 1241 2522 amhae.
1255 2468 1387 2540 ignobilis

315 2569 378 2603 sane
387 2550 437 2602 tuit
446 2550 598 2622 Crispinum
610 2548 657 2603 sed
665 2545 729 2620 quid
736 2565 790 2600 non
798 2557 908 2618 possunt
915 2546 1013 2601 divitie
1021 2546 1033 2600 l
1041 2560 1133 2602 unctu
1140 2548 1297 2622 dignement
1305 2591 1313 2616 ,
1321 2553 1383 2623 quia

314 2637 414 2685 ηιιιΙΙωιι
424 2653 470 2685 sea
481 2635 587 2684 millibus
598 2634 701 2684 emebat.
715 2632 749 2681 At
762 2648 816 2682 non
829 2630 880 2682 itta
893 2629 1025 2684 Catullum
1037 2644 1105 2686 artes
1118 2634 1250 2706 jurabant.
1264 2635 1313 2688 tte
1321 2650 1383 2689 sunt

314 2714 482 2769 difficultates
493 2733 500 2768 z
514 2714 574 2786 quis
586 2711 689 2767 solvet?
701 2731 755 2764 uon
768 2729 833 2764 mee
844 2711 952 2784 quidem
965 2713 1003 2766 ibi
1014 2716 1149 2769 sufficiunt
1162 2717 1230 2770 vires
1243 2735 1250 2771 :
1267 2737 1328 2791 qne
1342 2731 1382 2772 ta·

313 2815 375 2851 men
387 2795 526 2870 mgitando
539 2795 643 2860 extudi,
653 2793 814 2850 doctioribus
825 2814 981 2867 proponam.
996 2797 1125 2871 Equidem
1136 2801 1211 2854 facile
1221 2801 1382 2858 crediderim

313 2892 388 2935 vetus
399 2882 488 2934 Rornae
506 2879 586 2950 fuisse
599 2879 787 2952 proverbium,
802 2897 857 2950 quo
870 2898 981 2953 nequam
995 2895 1021 2936 et
1032 2883 1138 2938 odiosus
1151 2883 1232 2939 bomo
1241 2901 1383 2942 vocarem
1421 2947 1427 2960 ,

312 2993 329 3024 a
343 2983 419 3043 pente
435 2969 540 3019 satelles.
562 2965 644 3037 Cujus
656 2964 789 3035 proverbii
803 2964 930 3036 originem
943 2984 997 3018 uon
1008 2969 1120 3022 relerem
1132 2968 1167 3022 sd
1178 2983 1325 3025 exactorem
1339 2973 1380 3024 ia·

312 3056 410 3124 buloerp
422 3051 502 3122 legis,
515 3068 566 3121 qua
578 3047 701 3120 jubente,
721 3065 795 3100 senes
813 3048 942 3120 sexaginta
956 3067 1037 3102 annos
1054 3051 1126 3118 nati,
1146 3053 1220 3124 qnasi
1236 3056 1291 3125 jam
1304 3067 1380 3108 terr:

311 3137 416 3212 pondus
427 3133 533 3198 inutile,
544 3131 571 3184 in
580 3129 699 3182 Tiberim
710 3129 804 3203 dejecti
815 3129 922 3183 luerint.
935 3131 1036 3186 Verum
1044 3134 1167 3199 arbitror,
1178 3153 1261 3206 quum
1269 3137 1380 3208 plurimi

312 3225 413 3286 Rome,
426 3229 455 3270 ut
467 3217 495 3269 in
506 3215 552 3268 illo
566 3214 684 3286 gentium
695 3231 809 3280 carcere,
823 3214 966 3267 exstiterint
976 3213 1107 3283 mendici,
1118 3234 1261 3290 omnesque
1270 3220 1299 3270 in
1310 3237 1380 3290 pon·

312 3303 382 3356 tibus
393 3311 505 3364 stantes,
520 3294 711 3350 remeantibus
725 3312 825 3347 moram
839 3307 865 3348 et
878 3297 1053 3348 incommodum
1074 3297 1203 3364 lacerat,
1221 3298 1307 3354 ediles
1327 3300 1379 3354 bo-

310 3387 409 3439 minem
421 3378 561 3454 quetndam
573 3377 688 3449 rigidum
700 3377 824 3448 elegisse,
837 3378 883 3450 qui
896 3381 993 3430 satelles
1001 3381 1112 3446 poseium
1125 3379 1259 3434 mendicos
1271 3400 1379 3438 coerce·

311 3481 351 3523 ret
359 3481 385 3522 et
395 3466 539 3536 castigaret.
554 3461 620 3515 lude
629 3462 764 3533 vulgatum
773 3463 958 3533 proverbium,
971 3465 1037 3514 disus
1046 3477 1176 3533 crepante
1185 3469 1291 3528 satelles,
1304 3468 1378 3539 quod

311 3550 382 3625 apud
393 3567 442 3603 nos
455 3556 651 3620 representaret
663 3544 730 3598 illud
742 3546 770 3600 in
783 3545 868 3600 triviis
879 3547 1013 3619 vulgatum
1025 3565 1032 3600 :
1046 3549 1150 3599 insolesce
1161 3567 1252 3600 masse
1261 3569 1294 3600 ass
1305 3555 1379 3602 valer
1400 3587 1407 3599 .

311 3640 343 3688 de
356 3639 483 3686 baanna
496 3629 562 3694 Qua
573 3628 607 3682 its
617 3628 640 3681 si
654 3629 751 3694 forent,
765 3647 824 3682 cum
835 3627 1042 3700 precedentibus
1050 3632 1183 3701 sequemm
1193 3645 1376 3703 congruerent.

311 3721 416 3774 Scilicet
426 3717 475 3770 iste
487 3712 606 3766 mortifer
615 3713 748 3777 Catulltu,
759 3723 785 3765 et
794 3730 893 3780 cecus,
904 3725 930 3766 et
941 3710 1070 3778 adulator,
1079 3733 1132 3768 non
1145 3716 1286 3783 minorem,
1295 3735 1377 3788 quam

310 3802 432 3876 pontium
447 3797 563 3862 melles,
584 3813 639 3868 prse
652 3813 681 3848 se
698 3797 748 3848 fert
763 3798 906 3864 sentin,
928 3795 1022 3869 dignus
1040 3798 1163 3864 hercule,
1182 3801 1228 3871 qui
1248 3801 1304 3872 ipse
1325 3803 1377 3854 snb

312 3886 384 3956 virga
401 3881 518 3936 satellitis
533 3890 674 3944 tremeret;
689 3877 771 3930 immo
787 3880 861 3932 Urbe
875 3883 971 3953 ejectus
991 3880 1025 3934 ad
1043 3882 1137 3935 collem
1156 3882 1293 3938 Aricinum
1307 3885 1377 3940 inter

312 3967 416 4020 ludeos
428 3962 605 4017 mendicaret!
617 4003 623 4015 .
635 4003 641 4015 .
653 4002 659 4015 .
674 3960 789 4014 Videant
800 3963 945 4034 peritiores.
964 3963 1015 4017 En.

346 4093 413 4140 Vae.
434 4087 813 4151 117.Ars'elsas....ademes
832 4090 994 4154 (edcollem‚
1014 4106 1058 4139 seu
1076 4091 1166 4141 ebrum
1178 4094 1322 4156 bricium,
1342 4097 1374 4146 de

311 4187 360 4234 qno
373 4171 424 4218 rid.
439 4171 533 4218 Corum.
546 4170 577 4218 ad
593 4171 620 4229 3,
636 4168 716 4234 xpo),
729 4172 790 4234 quin
802 4174 973 4238 corrigendum
990 4175 1081 4223 altrix
1096 4175 1191 4225 dubito.
1213 4181 1294 4228 esses
1310 4191 1375 4228 cette
