3134 4990
315 441 380 510 ⁵68
474 439 648 508 VARIAE
670 439 964 508 LECTIONES
988 441 1052 506 ET
1075 437 1230 507 NO'l'AE

349 562 419 611 Vas.
437 561 480 618 45.
495 559 623 622 Constant,
640 573 751 618 ss—aa‚
765 567 806 616 at.

348 653 417 707 Nor.
435 652 479 716 45.
499 657 593 724 Regum
598 673 608 713 ,·
622 649 685 704 ride
697 649 772 716 adl,
790 649 848 703 136.
864 649 981 721 Reliqua
992 652 1075 704 rerba
1087 663 1175 718 recte,
1189 651 1299 724 opinor,
1311 666 1395 721 expo·

315 737 371 792 anit
378 737 593 809 Lipsius,Epist.
601 733 637 790 ad
644 735 755 806 belgas,
765 734 842 788 Ceut.
849 732 878 784 11
885 773 893 799 ‚
901 733 980 804 epist.
990 734 1040 798 48,
1049 734 1097 787 nbi
1105 747 1203 806 preter
1210 735 1263 788 alia
1272 733 1398 804 leguntur·

314 821 390 875 buo:
405 821 563 874 -Juvenrlts
578 819 630 873 tria
643 817 765 874 ostendit
779 818 808 870 iu
822 815 866 876 his
879 815 1018 869 auditoriis
1033 817 1129 882 luisse,
1142 817 1283 882 subsellia,
1298 815 1399 868 anaba·

314 903 392 967 tbra,
409 904 575 958 orchestram
590 921 597 956 ε
614 905 745 968 subsellia,
761 901 789 953 iu
802 899 893 956 medio
907 919 940 954 ao
953 901 1065 972 planitie
1076 915 1173 975 atque,
1190 915 1220 956 ut
1239 903 1278 955 ita
1293 899 1399 962 diuam,

316 1005 423 1060 aequore
434 987 511 1053 atriis
529 988 689 1053 mubatlua,
703 983 845 1056 slusissalpa,
858 985 986 1038 subsellia
996 984 1031 1039 ad
1045 987 1131 1040 latera
1139 1026 1148 1053 ,
1157 1005 1218 1059 qua·
1227 993 1402 1057 assurgerent

317 1068 452 1142 gradatim
468 1082 495 1123 et
508 1088 559 1142 per
574 1069 676 1132 scalas,
694 1069 819 1123 theatrali
835 1087 924 1133 more,
940 1068 1074 1122 subselliis
1089 1070 1234 1124 exstructis
1248 1068 1310 1122 aliis
1322 1083 1404 1138 super

318 1153 388 1221 slia;
406 1153 524 1226 denique
535 1155 672 1214 orchestra,
684 1171 699 1204 e
712 1154 851 1217 cathedris,
864 1171 924 1225 quse
936 1152 966 1205 in
981 1153 1070 1206 fronte
1084 1165 1147 1206 ante
1161 1153 1252 1225 ipsum
1265 1151 1404 1206 renitautis

212 1283 216 1290 .
318 1250 475 1310 suggestum
491 1235 632 1308 dispositas
644 1235 863 1302 honestioribus,
881 1247 956 1289 extra
969 1235 1126 1289 auditorum
1140 1237 1262 1308 plebem,
1277 1236 1362 1307 plane
1375 1245 1405 1286 ut

318 1321 348 1374 in
362 1321 486 1383 theatris,
502 1321 550 1374 ubi
569 1319 699 1373 inferiore
710 1331 737 1372 et
748 1319 868 1390 primore
879 1319 924 1372 illa
936 1331 1015 1390 parte
1026 1320 1160 1390 primores
1171 1331 1198 1372 et
1211 1331 1351 1372 senatores
1362 1335 1407 1369 se·

320 1407 448 1461 debant·
459 1437 495 1448 —
504 1408 657 1458 Anaboura
663 1424 675 1466 ,-
684 1404 747 1456 ride
754 1407 820 1457 Vur.
829 1405 944 1456 Lect-
952 1407 1073 1464 Pendeat,
1084 1403 1231 1476 eleganter,
1240 1407 1277 1460 ob
1284 1399 1407 1457 altitudi-

317 1506 396 1543 nemr
405 1505 468 1541 uam
479 1505 539 1560 quas
546 1487 656 1560 praalta
667 1499 744 1552 suut,
750 1490 860 1554 pendere
869 1487 948 1558 quasi
960 1485 1097 1540 ridentur.
1111 1497 1119 1522 ¹
1133 1518 1169 1528 -
1179 1491 1347 1556 &portandis
1360 1505 1406 1538 ea·

319 1575 419 1638 thedes's,
428 1573 494 1645 quia
504 1573 650 1637 conducta,
663 1570 706 1624 vel
717 1570 752 1624 ab
762 1569 819 1622 suis
830 1569 898 1623 locis
907 1569 960 1623 buc
970 1570 1090 1636 oollatte;
1103 1569 1196 1624 Schol.

357 1719 425 1768 Vas.
443 1721 487 1777 46.
502 1717 651 1780 Anabura,
670 1729 872 1779 17,rq‚ur,an
899 1724 943 1779 tq.
956 1715 1103 1778 Anabetru,
1118 1715 1159 1777 75.
1172 1714 1349 1778 Anabatha,
1365 1713 1408 1774 76·

322 1801 465 1852 Arabeta
477 1802 537 1868 legit
547 1801 629 1848 Valea.
640 1801 669 1848 lu
679 1800 816 1848 Valerianis
828 1815 885 1865 pag.
895 1801 955 1848 uo8.
976 1799 1025 1846 Sed
1042 1799 1087 1848 Gr.
1104 1793 1232 1866 dvn'babpa
1243 1798 1372 1856 dicuutur,
1384 1807 1409 1844 et

322 1895 388 1934 recte
399 1884 481 1944 Sobel.
491 1894 573 1944 retus,
584 1885 654 1944 ouius
665 1882 745 1948 glossa
755 1883 788 1934 ad
797 1883 846 1936 bon
858 1882 973 1942 verbum,
988 1898 1041 1932 uon
1052 1882 1085 1929 ad
1096 1881 1214 1931 subsellio
1225 1891 1324 1946 spectat
1337 1897 1343 1928 :
1358 1901 1372 1923 ι
1383 1880 1408 1930 Δ

323 1970 412 2018 Graeno
423 1979 544 2030 tractum,
561 1968 578 2026 i,
595 1983 617 2019 e,
634 1966 763 2030 subsellia,
781 1983 857 2034 super
866 1981 921 2032 quse
931 1965 1003 2020 altius
1015 1965 1144 2026 sedeatur,
1161 1964 1253 2031 gradus
1270 1964 1413 2029 superiores

324 2053 449 2102 seamiles.
458 2074 471 2095 ι
610 2057 615 2064 ’

358 2145 429 2198 Nor.
448 2143 563 2206 stt-52.
581 2143 698 2198 Miratur
710 2140 849 2197 luvenalis
867 2155 895 2198 et
911 2141 984 2196 ridet
997 2141 1140 2196 stultitiam
1159 2152 1320 2214 poetarum,
1342 2140 1393 2214 qui

324 2245 410 2300 quum
418 2225 490 2278 nulla
501 2225 622 2279 laborum
630 2224 743 2298 premia
752 2235 962 2298 cousequantur,
969 2237 1058 2280 tamen
1068 2223 1168 2279 stolida
1176 2224 1327 2280 ambitione
1337 2224 1414 2279 ducti

325 2309 451 2374 eentum
459 2308 579 2362 aon'baut
587 2307 708 2364 earmina
716 2320 743 2361 et
754 2307 877 2362 recitent.
890 2309 969 2362 cont.
979 2307 1016 2362 ad
1025 2309 1055 2375 1,
1070 2327 1112 2380 17,
1129 2310 1170 2363 18.
1182 2339 1218 2350 -
1231 2312 1296 2373 Nos,
1307 2310 1377 2363 bene
1385 2321 1414 2362 et

327 2391 462 2456 modeste3
475 2409 539 2446 uam
550 2402 631 2463 poeta
644 2391 766 2463 loquitur
777 2403 805 2444 et
815 2411 893 2446 suam
903 2410 1013 2464 quoque
1024 2391 1167 2446 stultitiam
1178 2389 1301 2446 damnat.
1314 2419 1352 2432 ·-
1363 2394 1415 2442 Hes

327 2480 433 2548 qm,
445 2476 524 2549 poesi
537 2494 650 2548 operam
663 2474 773 2541 damus;
791 2475 867 2549 quod
880 2474 1000 2530 studium
1013 2495 1070 2530 uon
1083 2475 1168 2529 modo
1182 2475 1296 2530 difficile
1311 2489 1369 2540 est,
1382 2495 1415 2530 ae

326 2562 487 2625 molestum,
498 2558 547 2624 sed
560 2571 586 2612 et
595 2558 771 2631 prumiorum
781 2570 863 2631 atque
877 2559 1015 2614 commodi
1027 2578 1076 2632 spe
1087 2570 1171 2614 earet,
1182 2590 1219 2600 -
1236 2561 1316 2611 Tenui
1323 2563 1350 2610 ia
1355 2564 1416 2630 pal·

329 2665 383 2699 sere
390 2649 468 2697 suleos
479 2645 596 2696 Ducimur
606 2657 632 2695 er
639 2645 697 2694 liuss
707 2645 788 2695 srerib‘
793 2661 923 2696 versemus
932 2657 1032 2710 amno,
1042 2643 1142 2696 l'rustra
1150 2642 1311 2696 laboramus
1320 2654 1348 2696 et
1358 2655 1416 2696 stu·

329 2728 405 2794 diurn
413 2728 443 2781 in
453 2726 530 2804 poesi
541 2725 682 2798 ponimus,
694 2745 751 2787 nou
764 2727 860 2798 majori
870 2744 920 2798 ape
929 2726 1123 2792 emolumenti,
1138 2745 1219 2798 quam
1231 2727 1255 2779 si
1269 2745 1416 2780 arenosum

329 2829 465 2868 mmmm
475 2811 604 2863 solumne
618 2809 690 2862 litus.
701 2809 743 2872 Ita
754 2809 896 2881 proverbii
908 2810 970 2862 loco
980 2808 1080 2862 dicitur
1089 2829 1174 2862 urenoe
1181 2813 1307 2861 mandare
1319 2813 1419 2860 seusina

330 2907 358 2950 et
368 2897 424 2947 liure
435 2911 517 2948 arare.
529 2899 541 2933 ¹⁸
554 2899 646 2942 Arusro
657 2894 748 2957 sterili,
758 2910 842 2956 rano,
856 2891 961 2955 inutili,
971 2891 1029 2952 sine
1038 2890 1220 2943 emolumento
1231 2893 1346 2964 ejusque
1355 2909 1419 2964 spe,

331 2990 364 3032 ut
380 2980 471 3031 sterilis
488 2977 607 3027 cmledm
625 2979 778 3042 aturricus,
798 2994 839 3029 ra.
860 2977 927 3038 2033
947 2973 1016 3038 ΧΠ,
1039 2991 1088 3044 973
1106 2973 1225 3028 Martiul.
1250 2975 1282 3042 1,
1303 2993 1348 3046 77,
1369 2983 1422 3042 πῃ

332 3063 377 3129 X,
393 3062 440 3128 18,
450 3060 476 3114 3.
490 3088 527 3100 -
535 3058 616 3112 Hunc
629 3058 722 3114 lucum
731 3059 848 3114 feliciter
860 3057 959 3130 gallico
968 3058 1086 3111 emmiue
1095 3058 1178 3112 vertit
1190 3058 1225 3112 cl.
1239 3062 1339 3122 bauai:

519 3155 605 3202 ullous
615 3154 716 3201 reilloua
725 3157 877 3218 rependant,
888 3170 950 3201 nous
960 3153 1074 3206 e'erirona,
1081 3155 1202 3221 touioursl

518 3231 568 3276 «Et
577 3239 670 3293 trsqaut
679 3245 721 3276 sur
728 3230 753 3276 le
763 3230 829 3276 suble
840 3245 873 3276 uu
883 3227 955 3275 sillou
964 3229 1065 3286 inutile,

520 3322 533 3343 ι
539 3304 606 3349 lions
615 3301 733 3349 uultirous
741 3318 796 3350 saus
806 3302 865 3349 fruit
873 3317 906 3348 uu
916 3301 997 3364 riraqe
1006 3302 1095 3350 ste'rile.
1104 3325 1117 3345 ι

337 3387 437 3456 Similis
449 3387 504 3443 lere
515 3387 591 3442 loeus
603 3399 643 3440 est
654 3386 730 3460 apud
743 3400 877 3441 notratem
892 3391 995 3440 Buileau
1001 3427 1012 3452 ‚
1027 3388 1081 3442 Sat.
1094 3388 1181 3444 VIII:

522 3503 536 3524 ι
543 3481 619 3546 Apris
629 3483 694 3537 uela,
705 3483 819 3540 docteur,
829 3501 858 3530 ra
868 3485 931 3547 pllir
940 3500 981 3532 sur
989 3484 1013 3531 la
1022 3485 1103 3540 bibis,

523 3577 536 3598 ι
542 3561 579 3605 Va
587 3573 699 3620 marquer
707 3558 742 3605 les
751 3558 838 3606 ioueils
847 3559 878 3606 de
887 3569 949 3607 cette
958 3575 1011 3607 mer
1019 3561 1118 3607 terrible
1127 3595 1133 3606 .
1142 3595 1148 3607 .
1158 3596 1163 3607 .
1174 3596 1180 3607 .

524 3653 537 3679 s
544 3633 598 3680 stu
608 3634 679 3695 qu'en
687 3643 710 3682 ta
720 3635 839 3682 vieillesse
846 3651 880 3682 uu
888 3635 949 3682 llrre
959 3649 989 3680 eu
999 3635 1125 3697 msroquiu

525 3708 608 3756 «title
616 3709 688 3758 offrir
697 3720 741 3757 tou
750 3712 835 3758 travail
843 3710 857 3758 l
867 3711 971 3773 quelque
980 3711 1088 3758 beas-eux
1097 3711 1192 3774 laquis·

525 3803 539 3826 a
546 3783 607 3842 Qui,
618 3800 682 3846 pour
689 3785 761 3848 dique
770 3785 838 3846 loyes
845 3786 877 3842 <le
886 3787 908 3833 la
917 3785 984 3832 bible
993 3783 1113 3838 idairoim

525 3879 539 3908 s
546 3861 581 3910 'l'e
589 3874 662 3922 pays,
672 3861 866 3924 miserenum,
876 3859 934 3908 d'un
938 3859 968 3923 je
975 3875 1037 3906 vaur
1046 3863 1158 3906 sensereie.
1166 3882 1180 3902 ι

761 4011 994 4032 mm

375 4121 384 4148 ¹
403 4114 469 4162 Vide
482 4115 515 4163 ad
525 4116 575 4174 xl,
590 4112 853 4176 107,sti1.l„1ab,
934 4119 948 4146 ¹
964 4113 1132 4166 vtusnrssu
1140 4129 1213 4178 pror.
1222 4115 1425 4182 etiutppffid.

339 4207 363 4245 et
371 4197 423 4254 Vt,
436 4195 497 4252 6t5.
898 4193 944 4258 sp.
953 4194 1014 4242 Her.
1025 4195 1058 4257 V,
1073 4195 1134 4257 115,
1145 4193 1204 4242 ut,
