3134 4990
355 413 418 500 594
512 409 684 476 VARIAE
705 395 995 474 LECTIONES
1018 409 1080 475 ΕΤ
1103 411 1258 478 NOTAE

353 543 410 580 esse
425 541 456 578 ao
466 521 586 588 nobiles,
605 533 632 574 et
646 523 696 585 sic,
707 519 760 573 hac
772 518 921 574 imitatione
934 520 1076 585 ditiorum,
1088 535 1115 576 et
1128 541 1211 595 opum
1222 525 1422 598 nobilitatisque

351 608 548 667 ostentatione,
557 607 717 667 somniant,
725 603 878 656 obruuntur
885 621 936 656 aere
943 603 1040 658 alieno.
1049 609 1118 658 Pedo
1125 607 1287 662 cauasidious
1295 609 1420 680 ignotus,

349 693 443 748 notior
453 688 526 744 Pedo
535 689 679 761 Pompeius
688 688 732 740 tir
741 686 853 764 illustris
861 704 877 739 e
885 685 978 741 Seuec.
989 689 1136 761 Apoooloo.
1148 703 1176 746 et
1184 693 1335 747 notissimus
1343 695 1419 748 Pedo

350 775 533 830 Albinovanus
546 783 635 842 poeta.
649 773 689 824 Ile
699 771 818 822 mutans
826 768 887 822 aide
895 769 930 824 ad
939 772 967 835 Ι,
979 773 1029 837 32,
1042 773 1065 826 si
1073 773 1108 828 de
1117 771 1211 828 eodan
1222 777 1261 828 ibi
1271 793 1357 830 turno
1368 789 1419 832 est.

347 887 385 904 ι-
401 862 535 910 conturbat
545 855 603 910 acil.
613 854 746 920 rationes,
755 853 799 906 rel
809 871 865 908 rem
876 853 1048 919 familiarem,
1062 855 1113 912 hoo
1124 871 1178 920 est,
1192 876 1258 930 opes
1272 860 1419 932 absumpsit

348 956 376 998 et
387 961 422 995 res
436 941 552 994 alienum
563 938 705 992 contraxit.
715 947 725 972 ¹
739 937 810 990 Hinc
820 939 978 988 conturbator
986 957 1052 1005 aper
1060 950 1088 992 et
1100 944 1216 992 macellus
1227 941 1419 994 diciturhlart.

348 1027 421 1090 VII,
431 1029 478 1086 26,
494 1044 540 1090 ro,
549 1036 576 1077 et
585 1023 628 1084 X,
639 1025 682 1090 96,
693 1039 717 1089 9.
729 1021 851 1096 Verbum
861 1039 957 1093 synon.
967 1032 1007 1073 est
1016 1023 1112 1093 deficit,
1125 1024 1184 1076 scil.
1195 1042 1236 1089 aa,
1246 1025 1300 1090 hoq
1309 1037 1366 1088 aar,
1376 1022 1421 1077 ds
1520 1039 1529 1050 ·

347 1108 439 1163 licitur
452 1108 563 1178 opibus,
582 1103 655 1158 unde
670 1107 922 1176 dejicisocultatibus,
935 1123 1022 1156 nonacn
1035 1108 1154 1173 differtum
1167 1119 1196 1160 et
1209 1108 1300 1179 simpl.
1316 1111 1421 1180 deficere

347 1193 480 1247 vocabula
486 1191 564 1264 juris.
574 1191 677 1240 ²-Hic
685 1201 721 1240 est
730 1192 820 1249 exitus,
833 1187 908 1253 sinin
919 1201 1067 1260 postrema,
1079 1209 1163 1261 eaque
1172 1191 1268 1245 misera
1278 1192 1342 1244 vitae
1353 1211 1420 1246 cou-

348 1273 430 1338 ditio,
441 1286 470 1327 ut
484 1291 587 1344 pauper
601 1271 635 1324 sit
647 1269 803 1342 dilapidatis
814 1270 921 1341 opibus.
937 1271 1014 1325 cont.
1027 1273 1081 1336 XI,
1093 1271 1140 1336 38,
1149 1271 1193 1341 39.
1207 1275 1242 1326 Et
1253 1275 1324 1328 hanc
1336 1275 1419 1328 inter·

347 1358 539 1429 pretationem,
550 1367 577 1418 et
589 1356 730 1410 lectionem
739 1355 812 1425 vulg.
823 1354 956 1425 improbat
965 1355 1070 1420 Manto,
1081 1354 1137 1410 heo
1148 1354 1303 1428 disputans:
1316 1382 1328 1404 ι
1337 1357 1421 1412 Poeta

347 1459 434 1513 neque
448 1454 523 1506 aute,
535 1457 622 1511 neque
637 1450 699 1510 post
714 1438 774 1490 illos
786 1457 883 1514 versus
897 1456 932 1490 aes
948 1438 1078 1502 alienum,
1093 1437 1167 1510 quod
1183 1438 1327 1492 caussldici
1342 1441 1418 1492 Rom.

345 1524 549 1586 contraherent,
560 1521 671 1592 respicit
679 1534 706 1574 et
715 1522 887 1594 perstringit;
900 1520 947 1580 sed
956 1513 985 1574 id
996 1522 1075 1574 unice
1086 1521 1155 1593 agit,
1166 1534 1197 1574 ut
1207 1535 1278 1576 artes
1286 1537 1419 1596 exponat,

346 1606 446 1677 quibus
458 1603 586 1660 adhibitis
598 1602 695 1657 riuales
707 1621 770 1656 suos
781 1603 950 1675 deprimere,
960 1618 987 1658 et
996 1623 1089 1658 eorum
1098 1604 1200 1660 reditus
1207 1607 1330 1660 minuere
1344 1626 1421 1660 oona·

345 1699 454 1753 rentur,
469 1698 656 1758 sumptuosum
674 1684 784 1739 risendi
797 1704 898 1757 genus,
916 1687 1062 1760 luxumque
1075 1687 1202 1754 nimium,
1220 1701 1246 1742 et
1263 1689 1299 1742 ad
1313 1691 1419 1764 ingenia

344 1770 460 1824 fallenda
476 1771 663 1842 compositum.
677 1770 823 1823 verissima
838 1784 878 1824 est
892 1772 1046 1844 conjectura
1062 1771 1174 1836 Luhini,
1191 1790 1243 1844 pro
1262 1775 1346 1844 deficit
1358 1793 1419 1827 sua·

345 1855 436 1908 dentis
451 1857 545 1924 dejicit,
563 1855 696 1925 longeque
709 1853 743 1906 ad
757 1851 837 1906 totius
850 1855 902 1907 loci
915 1873 1013 1906 nexum
1026 1867 1052 1908 et
1065 1873 1172 1907 sensum
1186 1855 1323 1927 aptissima
1334 1856 1418 1910 inter-

342 1937 458 2009 pretatio
471 1936 548 1988 hnc:
565 1937 664 1990 lisdem
682 1937 797 1998 artibus,
812 1937 909 2006 quihus
923 1936 959 1990 ad
973 1939 1108 1991 tenuiores
1121 1957 1275 1991 caussarum
1287 1953 1418 2011 patronos

343 2017 517 2073 debellandos
532 2015 656 2069 Emilius
671 2016 767 2079 utitur,
782 2023 849 2069 Pedo
864 2038 910 2071 eos
929 2023 1070 2082 contrarbat,
1090 2021 1143 2074 boo
1159 2034 1214 2086 est,
1232 2025 1374 2094 pervertit,
1389 2039 1417 2078 et

344 2105 431 2154 Matho
444 2101 542 2168 dq's'cin
557 2097 610 2152 hoc
623 2110 680 2162 est,
697 2096 798 2160 ainclt;
815 2117 866 2149 nec
883 2099 966 2150 alium
985 2104 1094 2167 exitum,
1111 2103 1167 2155 sire
1180 2102 1262 2157 linem
1280 2110 1418 2174 Tongrllas,

343 2202 405 2237 cum
415 2180 541 2254 superbla
551 2191 577 2234 et
587 2177 783 2251 magnificentia
792 2197 842 2250 per
852 2179 989 2233 hominum
1000 2201 1046 2234 ora
1056 2182 1197 2248 incedens,
1210 2188 1287 2257 petit,
1298 2207 1380 2259 quarn
1388 2203 1419 2244 ut

342 2268 452 2320 aemulos
459 2263 623 2335 supplantet,
630 2263 757 2333 solusque
765 2263 794 2314 in
807 2261 866 2314 toro
878 2277 979 2332 regnet.
988 2291 1000 2314 s
1009 2264 1062 2318 Sed
1070 2279 1168 2320 nostrae
1179 2273 1314 2325 sententias
1323 2273 1416 2326 favent

329 2361 331 2368 ’
344 2362 403 2403 tum
414 2369 454 2403 va.
467 2348 514 2401 135
525 2366 580 2419 seq·
590 2359 617 2401 et
627 2349 748 2398 conducta
760 2363 775 2398 a
785 2344 868 2398 Paulo
880 2349 1026 2412 sardonyx,
1038 2366 1080 2400 vs.
1095 2351 1143 2412 143
1149 2389 1158 2412 ,
1173 2363 1229 2405 tum
1240 2367 1333 2409 norm
1342 2356 1375 2409 sd
1387 2359 1416 2413 1,

345 2435 388 2488 32.
398 2435 433 2486 Et
443 2432 503 2505 quis
512 2448 631 2503 unquam
641 2429 687 2483 illo
695 2447 774 2483 sensu
785 2429 853 2484 dixit
862 2431 967 2491 exitum,
978 2441 1009 2482 ut
1019 2429 1054 2483 sit
1062 2433 1221 2501 consilium,
1231 2440 1419 2508 propositum?

344 2519 453 2590 Eofins's
464 2514 606 2570 adhibetur
617 2513 732 2585 passim,
745 2527 772 2566 at
784 2523 917 2585 nusquam
928 2515 1017 2568 exitus.
1028 2518 1168 2570 Mathonem
1178 2537 1243 2572 vero
1256 2519 1417 2577 ditissimum

343 2600 440 2661 fuisse,
453 2597 575 2652 Lubinus
585 2614 728 2669 perperam
740 2595 846 2667 collegit
857 2614 890 2650 ex
901 2597 930 2662 I,
944 2594 986 2649 32.

380 2694 449 2748 Nor.
473 2691 530 2745 130.
553 2693 677 2760 Tongilius
692 2691 760 2746 forte
775 2690 861 2752 idem,
881 2693 956 2764 cujus
969 2693 1059 2764 gulam
1074 2707 1100 2747 et
1113 2695 1242 2750 luxuriem
1255 2700 1417 2772 perstringit

343 2775 461 2829 Martial.
476 2776 520 2840 ΙΙ,
533 2780 580 2837 io,
591 2773 638 2826 ubi
647 2787 736 2828 tamen
746 2773 773 2826 in
783 2774 918 2847 plerisque
928 2776 1004 2830 libris
1016 2781 1138 2847 Tongilius
1147 2779 1259 2851 legitur;
1270 2781 1341 2836 unde
1351 2783 1381 2836 h.
1397 2787 1416 2839 l.

348 2858 456 2929 Tongilii
466 2853 651 2928 reponendum
663 2873 722 2909 ease
734 2855 866 2926 suspicari
878 2858 974 2928 possis.

380 2954 450 3008 Nor.
472 2951 620 3006 rio-133.
639 2953 701 3004 Haeo
713 2962 837 3022 spectant
851 2951 886 3005 ad
897 2954 989 3006 luxum
1000 2953 1131 3032 hominis,
1143 2955 1293 3011 simulantia
1305 2977 1335 3012 se
1345 2959 1417 3014 diti·

344 3049 399 3093 tem
410 3055 477 3099 esse,
494 3050 520 3091 et
533 3034 634 3109 populo
649 3054 704 3090 sese
715 3034 884 3090 venditantis.
894 3067 930 3076 -
941 3039 1114 3103 Rhinocerote,
1124 3057 1188 3094 vase
1199 3045 1379 3112 unguentario
1389 3059 1415 3096 et

345 3139 460 3184 corneo,
475 3138 490 3172 e
505 3138 571 3172 naso
585 3120 774 3184 rhinocerotis,
789 3132 821 3171 ut
833 3118 906 3191 apud
916 3120 1035 3175 Martial.
1053 3123 1129 3188 XIV,
1142 3123 1175 3176 52
1189 3139 1215 3178 et
1230 3125 1279 3192 533
1291 3129 1344 3181 nisi
1354 3149 1414 3182 curn

343 3217 397 3260 ret.
406 3203 497 3258 Schol.
509 3204 680 3275 interpretari
688 3203 765 3256 malis
774 3223 781 3257 :
791 3221 888 3275 magno
898 3215 983 3274 gutto,
996 3206 1054 3277 qui,
1065 3207 1135 3260 sicut
1144 3207 1312 3276 rhinoceros,
1322 3212 1414 3282 ingen-

342 3289 380 3342 tis
386 3297 426 3342 est
434 3286 501 3341 nasi.
511 3283 524 3322 ³

763 3387 993 3408 mmmm

382 3501 482 3550 ¹Conl.
495 3501 629 3564 X1V,pr;
643 3499 853 3560 Martidlx,4,
935 3497 1047 3568 ³Volgo
1069 3512 1174 3567 putant,
1200 3520 1322 3569 pauperes
1345 3519 1415 3572 gnato

346 3583 377 3642 53
390 3583 473 3628 Burm.
484 3579 516 3629 ad
527 3580 627 3627 Petron.
640 3595 662 3627 c.
673 3581 715 3642 39,
723 3595 777 3643 pag.
793 3581 854 3642 169;
898 3578 971 3646 (vide
989 3581 1019 3629 ad
1041 3585 1093 3642 111,
1113 3581 1195 3650 263),
1210 3599 1224 3629 e
1240 3601 1320 3632 cornu
1335 3591 1412 3644 tauri,

344 3663 440 3709 hnest.
449 3659 510 3708 clav.
519 3660 569 3710 Cic.
580 3669 604 3706 et
613 3658 644 3706 ad
652 3658 702 3707 Cic.
710 3659 755 3722 Ep.
765 3659 797 3706 ad
803 3660 853 3707 lltt.
898 3659 987 3708 dirites
1001 3677 1014 3708 e
1030 3677 1109 3709 cornu
1122 3661 1304 3724 rhinocerotis,
1321 3666 1348 3712 in
1363 3666 1414 3714 bal·

344 3742 388 3800 IV,
399 3757 423 3801 7.
896 3740 950 3788 neis
963 3757 1020 3788 usos
1032 3757 1091 3788 esse.
1107 3740 1156 3788 Sed
1169 3743 1301 3790 ostentatio
1315 3743 1412 3792 divitia·

379 3825 391 3851 ¹
410 3822 440 3866 In
454 3818 531 3867 Pand.
545 3819 636 3878 xxn,
651 3833 673 3878 r,
692 3833 732 3874 ης
748 3817 850 3878 xxm,
896 3835 951 3867 rum
965 3819 1074 3883 epitheto
1087 3819 1169 3883 potius
1182 3837 1275 3887 magno
1287 3823 1408 3870 contineri

344 3895 369 3952 3,
386 3897 436 3957 33,
449 3907 473 3944 et
488 3899 583 3958 xllx,
601 3906 644 3957 rt,
653 3897 682 3952 ,3.
700 3896 850 3953 Priscianus,
896 3896 1002 3946 videtur.
1012 3898 1062 3950 Alii
1072 3897 1176 3958 sollum,
1185 3899 1237 3947 sire
1249 3900 1343 3950 lahrurn
1355 3901 1410 3949 hal-

342 3975 387 4022 lib.
400 3977 471 4023 Vlll.
484 3999 496 4017 α
505 3972 608 4044 Deficio,
622 3974 722 4040 wando
736 3977 853 4039 accipitur
895 3993 969 4026 neare
984 3977 1106 4042 desIgnari
1119 3987 1218 4041 putant3
1229 3979 1272 4027 alii
1282 3995 1338 4027 vero
1348 3981 1409 4027 irri-

343 4069 390 4117 pro
402 4053 539 4121 desistiscor,
547 4065 662 4105 neutrum
672 4065 715 4104 est.
725 4057 814 4105 laven.
825 4055 853 4104 in
896 4055 973 4103 dendl
984 4051 1153 4119 carpenquue
1164 4055 1304 4116 libidinem,
1317 4067 1345 4106 ut
1358 4075 1409 4106 nn·

343 4134 396 4198 ΙΙΙ,
410 4132 495 4182 Matho
506 4133 596 4203 deficit.
606 4157 618 4180 s
896 4151 937 4185 sus
951 4145 976 4184 et
985 4145 1096 4200 nascerer,
1104 4136 1171 4206 apud
1179 4137 1256 4188 Mart.
1266 4139 1290 4202 1,
1302 4147 1334 4196 ta
1344 4173 1353 4202 ,
1363 4140 1410 4200 rb;
