3108 4986
485 459 672 526 saurus
703 457 920 540 Qunam
1173 459 1236 525 235

166 572 326 640 Servabat
345 597 353 640 :
371 588 485 644 tamen
501 574 558 644 hic
573 587 748 670 properat,
764 571 856 642 velut
872 587 990 668 urgeat
1005 578 1136 644 Auster.

210 682 330 776 thue
341 681 436 754 lacus
445 685 916 780 suberant‚ubi,qnamquam
925 686 1175 773 diruta,scrvst
1201 701 1236 750 oo

166 793 284 884 Ignem
300 793 505 885 Trojanum,
521 809 556 862 ot
570 796 710 862 Vestam
725 793 807 864 colit
821 793 906 864 Alba
921 797 1109 881 minorem,
1230 825 1235 836 ·

167 899 306 968 Obstitit
323 901 465 972 intranti
481 903 634 972 miratrix
647 903 749 972 turba*
762 927 953 998 parumper.

167 1008 212 1074 Ut
225 1011 346 1096 cessit,
362 1010 455 1082 facili
470 1027 652 1106 patuerunt
667 1012 804 1082 cardine
820 1012 934 1082 valvae.

167 1116 300 1186 Exclusi
317 1134 472 1216 spectant
486 1121 629 1190 admissa
643 1124 784 1216 opsonia
798 1125 923 1192 Patres.

167 1229 239 1297 Itur
254 1229 299 1297 ad
315 1231 484 1301 Atridam.
500 1235 587 1301 Tum
603 1234 740 1320 Picens,
756 1234 922 1328 «Accipe,
936 1231 1036 1319 dixit,
1205 1245 1238 1293 ⁶5
1314 1327 1318 1330 „

170 1340 312 1410 Privatis
329 1343 459 1434 majora
473 1340 558 1411 focis
576 1369 583 1410 :
602 1343 743 1435 genialis
757 1358 874 1434 agatur
1221 1337 1224 1344 ’

169 1449 233 1515 lste
249 1448 341 1536 dies,
358 1473 506 1544 propera
520 1451 732 1518 stomachum
746 1450 855 1518 laxare
869 1449 1006 1544 saginis,

169 1559 211 1625 Et
226 1573 284 1626 tua
301 1574 472 1628 servatum
488 1583 651 1629 consume
667 1559 706 1628 in'
720 1559 840 1629 saecula
854 1559 1044 1626 rhombum.

167 1651 245 1760 lpse
263 1670 340 1763 capi
356 1668 514 1737 voluitzs
526 1669 611 1764 quid
623 1669 793 1765 apertius?
808 1685 843 1740 et
855 1683 968 1738 tamen
985 1667 1032 1736 illi
1133 1667 1136 1674 ⁴

170 1778 359 1871 surgebant
375 1780 492 1849 cristae.
506 1779 605 1850 Nihil
622 1797 687 1867 eet,
703 1781 795 1876 quod
811 1781 950 1850 credere
967 1779 1010 1849 de
1025 1805 1060 1849 se
1207 1807 1241 1859 70

61 1943 63 1948 2
172 1889 248 1958 lton
263 1890 391 1984 possit,
408 1915 512 1986 quum
528 1890 755 1962 laudatueris
771 1917 866 1988 sequa
880 1907 1037 1986 potestas.

215 1998 283 2066 Sed
299 1999 416 2070 deerat
432 2001 515 2094 pisci
528 2002 651 2095 patine
665 2025 833 2071 mensura.
847 2003 1024 2072 Vocantur

171 2273 232 2312 rare
244 2254 406 2332 incipiunt:
424 2276 459 2314 eo
475 2257 585 2334 frigore
598 2257 683 2332 piscis
698 2275 796 2314 recens
810 2267 909 2332 captus
924 2255 1032 2314 servari
1046 2255 1097 2312 din
1112 2265 1241 2331 poterat,

169 2347 295 2420 piscator
313 2359 408 2404 tamen
427 2349 541 2406 festinat
554 2349 597 2406 ire
614 2349 652 2406 ad
669 2349 889 2423 imperatorem,
903 2348 1024 2422 perinde
1037 2366 1069 2403 ac
1082 2347 1106 2402 si
1122 2345 1242 2402 calidior

169 2447 272 2494 reatus
283 2457 301 2492 a
311 2438 434 2496 meridie
445 2439 535 2498 daret

208 2529 257 2586 60.
277 2531 435 2604 Postquam
448 2543 567 2589 rentum
579 2543 622 2588 est
633 2533 670 2588 ad
681 2534 758 2588 lacus
772 2531 882 2606 positos
898 2547 989 2606 prope
1006 2525 1126 2600 Albam,
1142 2547 1199 2602 qua
1211 2529 1244 2586 in

172 2619 302 2691 civitate,
317 2621 385 2678 licet
400 2621 460 2680 lere
478 2623 641 2695 destructa,
658 2635 808 2694 servatur,
829 2639 913 2680 more
924 2615 945 2677 a⁴
956 2621 1089 2694 Trojauis
1102 2619 1242 2688 inducto,

171 2715 245 2792 ignis
266 2727 441 2792 perpetuus,
463 2729 492 2774 et
513 2719 620 2776 minori
639 2735 725 2793 wem
743 2718 774 2774 iu
795 2718 870 2776 urbe
890 2719 984 2775 Roma
1006 2717 1134 2792 templo,
1156 2713 1243 2772 Vesta

172 2809 296 2878 colitur3
317 2809 475 2866 multitudo
490 2812 694 2868 admirantium
710 2811 920 2888 ingredientem
938 2809 1083 2886 paulisper
1099 2807 1241 2865 detinuit:

173 2919 234 2975 qu:
249 2899 303 2957 ubi
320 2901 453 2958 submota
468 2913 524 2972 est,
540 2920 592 2977 per
604 2911 734 2975 patentes
747 2903 826 2959 illico
837 2903 914 2961 tores
927 2901 1106 2977 imperatorii
1119 2898 1242 2956 cubiculi

172 2991 311 3052 admissus
331 3003 373 3052 est
391 2997 532 3070 piscator,
549 2997 635 3070 jussis
653 2998 810 3053 consistere
828 2997 866 3053 ad
882 2997 979 3054 valvas
994 2995 1178 3072 proceribus,
1193 3011 1242 3049 ex-

173 3088 255 3145 clusis
274 3099 303 3144 et
321 3091 515 3164 spectantibus
533 3089 688 3147 admissum
708 3087 848 3146 illustrem
866 3090 1031 3146 rhombum.
1053 3087 1188 3164 Pergitur
1206 3085 1243 3141 ad

173 3197 324 3240 summurn
336 3181 487 3239 Attidem:
502 3201 587 3258 quern
606 3182 656 3239 ubi
673 3182 824 3258 conspexit
842 3183 968 3257 piscator
984 3199 1000 3238 e
1018 3183 1124 3238 Piceno
1140 3179 1242 3236 oriun—

174 3273 246 3329 dus:
261 3295 274 3322 a
285 3274 386 3343 Sume,
403 3273 513 3349 inquit,
527 3275 613 3350 dapes
626 3275 829 3350 pretiosiores,
848 3289 934 3350 quarn
952 3286 985 3330 ut
999 3274 1123 3331 hominis
1135 3272 1241 3357 privati

174 3362 273 3421 culina
293 3366 484 3435 conveniant,
498 3366 546 3422 bic
560 3366 620 3422 dies
638 3366 723 3441 genio
738 3377 816 3423 totus
829 3367 991 3424 celebretur
1005 3375 1055 3423 tuo
1069 3389 1077 3422 :
1092 3363 1241 3422 confestim

175 3460 351 3514 stomachum
371 3459 527 3535 pinguibus
544 3459 614 3514 cibis
632 3475 776 3526 exonera,
796 3469 830 3513 ut
847 3458 945 3533 opimo
958 3459 1029 3533 pisci
1040 3469 1134 3532 pateat
1145 3467 1240 3513 totus:

176 3549 299 3606 rhombo
319 3567 449 3618 vescere,
465 3567 551 3624 quern
567 3549 671 3626 Superi
687 3561 738 3606 tuo
754 3551 850 3606 seculo
866 3561 1062 3607 serraverunt.
1078 3551 1164 3607 Ultro
1183 3548 1242 3622 ipse

177 3640 237 3714 capi
250 3641 361 3710 votuit,
375 3641 456 3716 qussi
469 3642 560 3698 sciens
571 3653 600 3698 et
611 3642 737 3718 gaudens
752 3661 781 3698 se
795 3642 832 3698 ad
845 3653 910 3699 tuos
923 3643 1010 3716 pedes
1021 3641 1218 3699 deferendum.
1230 3666 1241 3689 ›·

179 3731 257 3802 Quid
268 3733 435 3790 adulatione
448 3743 506 3789 tarn
520 3733 620 3808 putida
630 3733 754 3790 clarius?
769 3733 924 3808 plaudebat
938 3734 999 3809 ipsc
1014 3734 1070 3790 sibi
1083 3745 1179 3790 tamen
1192 3733 1242 3788 im·

177 3835 308 3898 perator,
323 3835 353 3881 et
366 3825 470 3900 ineptis
484 3827 616 3882 laudibus
627 3825 842 3882 intumescebat.
858 3825 942 3881 Adeo
950 3826 1090 3900 quaslibet
1098 3823 1182 3881 avide
1190 3823 1242 3880 ad-

177 3916 424 3987 maturantes,
441 3909 475 3975 ac
491 3919 528 3974 de
543 3935 574 3974 se
592 3917 735 3993 quidlibet
751 3917 913 3974 dicentibus
924 3918 1062 3986 credunt,
1079 3917 1130 3990 qui
1144 3935 1243 3991 parem

179 4009 294 4083 Superis
308 4021 480 4086 potestatem
493 4021 559 4068 suut
571 4011 681 4085 adepti!

217 4121 263 4172 7²·
286 4103 403 4160 Atenim
418 4103 496 4159 nulla
511 4113 573 4160 erat
587 4103 683 4179 patina
698 4102 764 4158 satis
776 4103 885 4176 ampla,
902 4111 936 4158 ut
953 4100 984 4156 in
1001 4119 1034 4156 ea
1046 4099 1132 4176 coqui
1151 4113 1180 4157 et
1193 4119 1241 4176 ap·

178 4195 244 4270 poni
262 4205 323 4251 tam
341 4205 437 4252 vastus
453 4189 537 4270 piscis
552 4204 655 4271 posset
672 4196 772 4269 ltaque
785 4192 900 4271 cogitur
914 4193 1083 4264 concilium
1099 4193 1242 4268 primores
