3134 4990
400 431 453 499 1u
475 433 706 500 sirtarim
728 433 1006 516 sermnem.
1172 432 1234 526 579

169 555 232 612 pars
243 555 294 612 pso
305 552 364 596 toto
378 541 504 598 dictaeis.
517 543 589 596 Num
598 543 656 614 quis
667 561 786 616 nnqnem
799 545 938 610 carminis,
950 560 978 600 et
986 545 1096 618 quidem
1106 560 1161 603 tam
1173 568 1238 621 pro·

168 623 228 686 lixi,
242 624 348 679 titulum
360 644 514 697 apersona.
528 635 569 678 ter
579 626 609 680 in
618 643 650 678 eo
660 639 817 693 memorata,
831 643 903 684 etue
915 629 1044 700 primaria
1054 631 1175 703 quidem,
1189 654 1238 706 pe-

170 707 233 760 tiit?
251 719 278 760 et
293 725 341 760 our
356 708 453 762 histrio
467 709 571 780 epicum
586 726 693 762 cumen
709 709 787 763 emitl
808 714 918 762 Vendere
931 711 1051 766 solebant
1063 726 1148 784 poetae
1161 717 1237 778 labne

170 790 209 843 las
221 809 284 844 suas
296 791 470 862 pauentibus,
483 791 527 847 vel
539 789 674 858 aedilibus,
687 792 732 845 ael
745 791 817 856 aliis,
829 795 876 864 qui
886 793 965 846 ludos
975 793 1104 862 edebant3
1115 798 1188 869 quod
1197 801 1239 854 vel

172 894 205 928 ex
218 875 329 930 Terent.
342 873 407 929 Heu.
422 874 493 928 Prol.
503 877 531 936 1,
546 894 580 946 73
595 875 637 936 11,
653 881 702 944 49;
717 875 797 928 Orici
807 876 889 932 Trist.
899 879 945 946 11,
961 879 1011 950 507
1026 895 1085 952 seq.
1099 883 1132 936 al
1144 897 1238 940 notum

168 970 219 1014 est.
242 959 345 1014 Histrio
357 960 385 1014 ln
399 959 452 1013 loo.
466 959 622 1032 tragoediam
635 960 731 1014 emisse
745 959 863 1014 dicitur:
878 960 925 1016 sed
940 963 1044 1033 qualis?
1058 965 1124 1020 vide
1135 965 1171 1020 ad
1182 968 1236 1030 v1,

171 1044 216 1116 87.
231 1047 411 1110 -lutaetam‚
425 1062 540 1111 noram,
554 1063 609 1098 nou
622 1056 700 1098 antea
710 1044 821 1106 lectam,
832 1046 969 1111 saltatum,
983 1059 1129 1115 cantatam,
1143 1051 1240 1106 recita-

170 1139 239 1192 tam,
252 1128 296 1181 vel
306 1127 456 1199 evulgatam
465 1141 495 1191 et
508 1128 536 1180 in
548 1146 629 1183 scens
641 1140 726 1186 aetam
740 1128 814 1197 (uam
823 1128 931 1193 labala,
941 1142 1003 1186 aute
1014 1149 1095 1202 qnam
1109 1133 1240 1203 prodnoe·

171 1225 265 1268 rentur
272 1213 304 1266 in
311 1231 433 1278 menam,
445 1213 631 1270 recitabantur
641 1213 734 1266 amieis
745 1213 863 1286 virisque
872 1212 969 1276 doctis.
976 1212 1047 1268 unde

388 1308 430 1356 His
440 1309 542 1358 neeslnm
551 1309 676 1358 commisse
683 1309 759 1356 choro
768 1319 878 1358 mutetur
886 1312 967 1372 Agave

171 1395 247 1468 apud
260 1395 354 1450 Claud.
367 1396 481 1467 Eutrop.
499 1395 544 1460 11,
559 1394 644 1465 364),
660 1396 702 1448 vel
714 1395 847 1459 fabulam,
861 1397 938 1467 eujus
952 1409 1142 1468 argumentans
1152 1400 1242 1453 nnlhs
1278 1399 1283 1412 '

172 1479 262 1534 adhue
272 1481 453 1534 Romsnorum
462 1491 542 1551 poeta
549 1482 642 1554 attigi,
652 1479 780 1535 traetsvit
790 1477 917 1550 (utapntl
928 1479 1004 1551 Virg.
1015 1480 1113 1552 Georg.
1121 1481 1179 1547 111,
1190 1489 1222 1546 ir
1232 1503 1241 1549 ς

173 1561 268 1616 Horat.
282 1563 338 1618 Sat.
354 1563 381 1625 1,
394 1565 423 1627 6,
438 1565 486 1627 66,
502 1561 643 1634 ipsumque
655 1561 723 1616 Stat.
742 1561 809 1615 Silv.
820 1559 851 1625 1,
865 1582 897 1627 a,
913 1559 981 1628 ²3⁸5
996 1563 1050 1624 111.
1067 1581 1090 1626 t,
1105 1567 1172 1636 67);
1189 1565 1243 1622 nisi

172 1646 252 1700 simul
264 1646 381 1718 respexit
393 1657 472 1717 poeta
484 1645 558 1699 illam
572 1645 645 1700 voris
657 1645 810 1709 notionem,
823 1642 858 1698 de
867 1663 922 1716 qua
935 1644 997 1700 vide
1011 1644 1111 1710 adv1,
1126 1647 1185 1702 16³.
1200 1649 1244 1702 tti-

172 1729 268 1800 galtius
275 1742 302 1783 et
310 1729 427 1782 Heauin.
438 1728 490 1784 hoo
498 1728 627 1801 loquendi
637 1747 721 1800 genus
731 1729 845 1800 petitum
855 1731 987 1800 putabant
995 1749 1011 1784 a
1019 1731 1115 1786 lenone
1125 1730 1201 1800 (vide
1209 1731 1244 1786 sd

174 1831 217 1866 vs.
232 1814 265 1868 82
280 1815 347 1885 seq.)
354 1825 369 1878 ,'
377 1825 405 1866 et
415 1813 446 1866 C.
455 1814 579 1868 Valesius
590 1815 664 1868 lrnno
675 1813 766 1867 looum
777 1813 816 1867 ita
827 1813 1057 1885 interpretabatur
1069 1833 1077 1868 ι
1088 1817 1136 1868 uui
1146 1819 1245 1868 vendat

173 1898 264 1948 Paridi
274 1901 373 1966 Agaues
380 1899 510 1961 intactam,
517 1896 570 1950 uisi
578 1896 615 1950 ad
620 1896 788 1950 »lenocinium
796 1915 825 1949 se
836 1898 1002 1963 contulisset,
1013 1897 1185 1970 tepidamque
1195 1901 1244 1954 ali·

175 1997 257 2051 quam
267 1979 400 2050 uirginem
411 1999 456 2033 seu
469 1980 679 2045 meretriculam,
690 1980 758 2032 nulli
768 1981 826 2032 viro
839 1981 976 2052 cognitam
987 1993 1014 2033 et
1025 1992 1136 2047 tactam,
1149 1983 1243 2038 Paridi

175 2061 381 2132 suppeditssset·
391 2064 425 2114 elt
433 2063 494 2116 leno
505 2063 616 2134 proprie
626 2081 681 2114 non
689 2067 801 2113 uendere
811 2064 879 2116 solet
888 2063 1054 2123 meretrices,
1065 2083 1151 2135 neque
1161 2066 1242 2118 etiam

175 2149 281 2198 muetos
290 2147 424 2218 virginem
435 2147 488 2199 nisi
497 2144 583 2209 dieas,
592 2163 654 2200 eam
661 2147 715 2199 hoe
726 2145 850 2199 simulare
859 2159 933 2200 neate
942 2158 988 2199 aut
1000 2145 1132 2202 dictitare.

210 2319 279 2367 Vas.
297 2317 339 2364 88.
353 2315 469 2376 Honores,
482 2317 522 2363 1⁵.
532 2341 569 2352 -
579 2314 692 2376 largitus
701 2311 799 2359 emend.
807 2311 935 2360 Selrrsder.
944 2313 1052 2361 offensus
1060 2315 1195 2364 omissione
1203 2333 1243 2366 oo-

175 2399 240 2464 palm
250 2409 288 2456 ee,
298 2413 372 2462 qnam
381 2397 464 2460 potins
473 2395 593 2444 exeislisse
602 2403 660 2458 post
670 2393 794 2454 Semestri,
804 2393 854 2454 vel,
864 2395 935 2457 quod
942 2396 1032 2444 Jeoobs
1041 2407 1124 2460 putat,
1130 2409 1187 2462 post
1197 2399 1243 2448 ito·

174 2499 266 2540 norem,
276 2481 395 2546 suspirari
402 2479 490 2544 possis.
496 2477 557 2526 Viti.
566 2487 648 2526 nmen
656 2475 688 2524 ad
697 2477 744 2536 tv,
753 2478 796 2526 63.
906 2515 910 2522 .
957 2501 962 2530 2

210 2577 281 2628 Nor.
300 2572 334 2628 88
346 2591 401 2644 seq.
420 2571 495 2624 Salse
504 2569 640 2624 heodiota
649 2568 715 2622 etin
728 2566 868 2629 Paridem,
884 2569 1053 2639 spsi,lsistrio
1063 2589 1147 2642 quum
1159 2588 1242 2641 esset,

174 2658 247 2732 apud
260 2656 446 2711 Domitianam
457 2651 544 2726 gratia
557 2653 704 2724 plurimum
714 2653 834 2713 valebat,
852 2663 879 2706 et
892 2651 920 2704 ia
934 2653 1022 2723 ipsam
1035 2654 1241 2726 Imperatorem.

176 2743 224 2816 qui
232 2741 278 2796 tali
285 2739 390 2794 homini
402 2739 481 2793 etiam
490 2739 607 2788 tonorum
619 2737 811 2805 largiendam,
821 2733 1076 2790 vel'sendeadosum
1085 2749 1241 2809 potestatem

177 2823 338 2888 indultam,
352 2835 379 2874 et
390 2822 419 2874 in
426 2837 539 2886 proceres
548 2817 625 2870 llom.
639 2818 685 2888 qai
699 2835 754 2870 aon
767 2817 883 2888 amplius
894 2818 1006 2889 pattoni
1015 2832 1092 2872 erant
1102 2820 1241 2880 doctorum

177 2908 331 2971 hominum,
345 2921 443 2976 eosque
457 2921 506 2956 nec
515 2901 634 2970 premiis
647 2917 697 2954 neo
708 2901 854 2954 honoribus
865 2893 1004 2972 augebant.
1025 2902 1088 2955 iiten
1099 2922 1164 2957 vero
1174 2905 1244 2977 ligus
1275 2949 1278 2962 .

177 3006 236 3046 rste
245 2991 334 3062 potins
342 2989 371 3041 in
381 3005 409 3040 se
418 2999 444 3040 et
453 2983 593 3050 Paridem,
606 2983 764 3036 histrionem
773 2983 853 3037 alium
861 2984 929 3054 ,'qui
938 2984 987 3036 elisi
998 2984 1026 3036 in
1039 2983 1140 3040 deliciis
1151 2988 1242 3052 luerit,

179 3076 251 3130 elicta
260 3091 330 3139 esse,
344 3070 500 3124 Hadrianus
514 3069 633 3140 putabet.
645 3066 717 3119 Vide
727 3067 796 3120 inira
807 3067 865 3117 vlt.
877 3067 997 3121 iuvenal.
1009 3097 1046 3108 -
1057 3071 1104 3121 1110
1113 3069 1196 3123 Paris.
1207 3103 1243 3113 -

176 3161 276 3214 Militia
288 3159 418 3220 iunones,
430 3150 528 3224 gradem
541 3150 680 3212 militares,
697 3148 772 3202 verbi
788 3165 880 3202 osnssa
895 3149 1065 3219 praeleeturas
1080 3165 1107 3206 et
1123 3153 1242 3206 tribuna·

177 3256 238 3310 tus,
255 3259 296 3298 ve.
313 3257 357 3307 9²·

215 3413 284 3460 Vsa.
303 3411 345 3473 89.
362 3406 459 3456 uitium
473 3404 554 3454 multis
570 3402 676 3469 largitur
691 3401 790 3448 honores
807 3401 1069 3464 mercamentum,
1084 3413 1130 3455 ste.
1145 3407 1242 3452 emend.

179 3495 278 3546 annm.
291 3493 340 3542 Sed
350 3491 495 3556 exquisitior
505 3489 601 3553 vulgata
610 3487 691 3537 lectio.
705 3487 740 3534 Ut
752 3485 857 3549 digniter
869 3483 1037 3534 Tribunomm
1050 3487 1171 3535 semestris
1184 3487 1242 3547 liris,

180 3579 214 3627 its
225 3589 248 3626 et
256 3577 360 3641 insigne.
374 3575 445 3624 Cous.
458 3573 553 3622 Comen.
567 3579 591 3618 et
601 3571 700 3618 Salmas.
711 3569 798 3617 Exere.
810 3568 871 3616 Plin.
884 3584 908 3632 p.
919 3569 977 3628 450,
988 3571 1058 3631 ouius
1065 3569 1139 3620 verbe
1152 3585 1206 3635 sop.
1215 3571 1244 3621 ia

180 3663 276 3727 Proleg.
289 3659 400 3726 apposni.

216 3753 286 3806 Noa.
306 3753 349 3818 89.
367 3755 473 3808 Aurum,
484 3747 536 3800 hoc
547 3758 604 3811 est,
617 3745 745 3797 annulum
754 3759 878 3802 aureum.
892 3756 922 3796 ut
936 3761 1016 3814 supra
1026 3743 1053 3806 1,
1068 3743 1112 3809 28,
1123 3745 1243 3817 plerique

181 3835 300 3890 relemnt
306 3831 340 3886 ad
351 3842 499 3903 equestrem
509 3828 680 3900 dignitatem,
694 3825 739 3880 slii
748 3845 812 3880 vero
823 3825 922 3880 rectius
933 3823 968 3877 ad
979 3825 1142 3878 tribunatum
1151 3828 1245 3883 milita·

181 3937 252 3982 rem,
260 3918 426 3980 monimen
434 3913 521 3986 poetis
532 3932 547 3967 s
558 3912 655 3966 Paride
665 3913 836 3984 impetretum
844 3927 877 3964 ee
889 3909 1033 3969 tributum,
1042 3926 1101 3979 quae
1111 3911 1180 3964 ratio
1188 3925 1243 3965 tum

182 4019 216 4054 ex
223 4016 263 4053 vs.
274 3999 308 4052 88
321 3998 424 4066 (militia
434 3998 571 4065 insomne),
582 4007 609 4048 et
621 4011 653 4060 9²
667 3993 880 4064 (praefectossaeit
888 4005 913 4042 st
921 3988 1037 4056 misam)
1048 3991 1195 4062 probabilis
1205 3995 1245 4060 lit,

184 4096 242 4136 turn
262 4099 295 4135 ex
315 4080 433 4153 epitheto
455 4080 569 4130 semestri.
591 4077 688 4131 Veram
707 4077 758 4129 hoc
779 4075 838 4129 loeo
856 4073 1012 4128 sententiam
1030 4076 1085 4147 jam
1105 4073 1247 4135 declaravit

186 4167 293 4239 Lipsius
310 4164 370 4216 Mil.
387 4164 464 4216 Rom.
482 4163 524 4227 ΙΙ,
545 4180 574 4230 9,
591 4162 632 4213 his
651 4160 758 4214 veihis:
779 4161 870 4213 :Ean
888 4157 998 4228 Augusti
1013 4155 1089 4220 alind
1103 4156 1245 4214 discrimen

1061 4241 1113 4325 37.
