3058 4988
286 447 350 512 500
441 441 614 512 VARIAE
638 445 932 513 LECTlONES
955 445 1019 513 ET
1043 449 1197 515 NOTAE

283 581 343 616 rum
357 563 515 633 interpretes
526 559 616 629 (coni.
628 559 684 614 cte.
695 561 757 615 Dis.
769 562 805 627 1‚·
814 561 875 632 58),
889 564 989 636 quique
1001 577 1072 619 reete
1083 567 1218 636 transterit
1230 584 1307 617 nana
1316 583 1357 619 sa·

279 647 427 715 perstitionis
436 642 566 698 dicuntur
576 643 649 698 Suet.
664 645 766 699 Domit.
779 663 803 700 c.
819 662 843 700 t.

1275 837 1317 886 ap,
1326 823 1359 878 45

280 905 359 962 -so,
372 901 487 963 54-67,
497 903 541 965 69,
551 909 665 964 ᾳι-ςᾲ,
677 902 720 950 85.

313 1000 381 1045 Vas.
400 997 460 1047 sae.
473 997 504 1043 in
515 995 579 1054 cade,
590 997 635 1058 61,
644 997 742 1058 62,66,
751 999 795 1061 ⁶7,
804 999 846 1058 68,
859 1009 974 1061 71—74.

312 1106 382 1158 Nor.
402 1104 453 1174 ⁵²7
465 1121 520 1175 seq.
539 1101 665 1174 Grangasi
675 1103 865 1174 interpretatio
879 1103 948 1160 forte
963 1123 1018 1158 non
1033 1105 1219 1178 repudianda:
1233 1109 1361 1182 quemvis

276 1190 368 1244 Roma
380 1189 409 1242 in
424 1188 525 1260 templo
542 1186 624 1240 isidis
639 1205 695 1240 non
707 1205 773 1242 nera
783 1188 819 1240 sit
832 1187 887 1240 Nili
901 1207 985 1261 aqua,
999 1208 1054 1261 qua
1068 1189 1191 1264 AEgyptii
1202 1205 1317 1246 utuntur
1330 1194 1360 1246 in

275 1273 356 1347 hujus
374 1271 431 1326 dea
448 1269 572 1342 templis,
591 1269 639 1324 sed
656 1282 760 1324 tantum
775 1271 895 1324 simulata
914 1268 989 1340 (vide
1003 1272 1082 1346 Virg.
1100 1272 1207 1327 AEneid.
1227 1275 1278 1342 IV,
1292 1275 1361 1342 51¹,

274 1358 367 1429 ibique
382 1355 459 1408 Serv.
475 1367 502 1407 et
516 1351 633 1424 Cerda),
654 1366 757 1418 tamen,
775 1357 798 1405 si
809 1359 838 1404 io
846 1357 957 1423 jubent,
971 1356 1066 1410 mulier
1080 1361 1137 1411 lasso
1150 1357 1293 1429 religiosa,
1310 1377 1361 1411 seu

273 1440 365 1512 potius
376 1437 580 1510 superstitiosa,
599 1438 643 1492 vel
658 1438 716 1508 ipsa
737 1436 889 1510 (pedihus)
906 1441 951 1490 ibit
961 1444 998 1491 ad
1011 1443 1201 1514 Egyptifinem
1216 1461 1276 1496 eam
1287 1443 1360 1514 peti·

272 1538 342 1578 tura.
354 1522 417 1576 atio
431 1540 512 1574 sensu
526 1522 582 1576 litae
597 1520 677 1574 verba
692 1539 750 1574 esse
764 1519 896 1592 capienda
914 1536 992 1595 putat
1005 1523 1048 1576 Ill.
1063 1526 1185 1598 Bottiger
1194 1526 1223 1579 in
1239 1526 1359 1594 Sabina,

271 1627 299 1680 p.
311 1609 368 1670 rili,
378 1624 408 1660 ar
416 1622 506 1672 nata,
517 1603 610 1676 edpr.
621 1605 669 1656 uhi
679 1602 756 1667 dicit,
768 1605 850 1659 sacris
859 1599 910 1658 ttssi
923 1608 999 1679 aquis
1011 1627 1134 1681 magnam
1142 1595 1206 1663 olim
1217 1611 1274 1664 eim
1285 1610 1359 1664 adsi-

270 1703 393 1764 gnatam,
406 1705 506 1760 easque
520 1701 664 1760 propterea
676 1707 708 1741 ex
717 1691 838 1762 AEgypto
849 1691 963 1744 Romam
975 1704 1001 1744 et
1015 1691 1142 1747 aliorsum
1157 1693 1240 1748 luisse
1253 1694 1359 1749 delatas

273 1773 348 1847 (vide
366 1774 475 1833 Maillet,
492 1773 647 1839 Description
664 1773 696 1822 de
714 1760 840 1840 idme,
857 1785 923 1826 tom.
942 1775 971 1839 1,
988 1794 1051 1848 pag.
1071 1779 1135 1844 29),
1153 1777 1272 1830 cultores
1291 1798 1359 1833 vero

269 1856 363 1920 Isidis,
386 1854 517 1927 templum
534 1852 592 1908 deas
614 1854 766 1927 ingressos,
785 1874 857 1928 aqua
872 1856 977 1910 lustrali
997 1877 1025 1911 se
1047 1858 1122 1930 ipsos
1142 1857 1282 1932 sedemque
1303 1862 1358 1916 ad·

269 1941 416 2014 sparsisse,
432 1950 479 1992 aot
495 1957 510 1992 a
527 1938 684 1992 sacrificulis
699 1937 842 2011 adspersos
856 1959 915 1995 esse
933 1939 1015 2013 (ride
1028 1939 1144 1997 Casaub.
1163 1941 1198 1996 ad
1211 1945 1356 2018 Theophr.

270 2023 352 2077 Char.
366 2023 473 2094 xm:
493 2023 597 2094 lingere
610 2023 702 2095 itaque
718 2036 842 2095 poetam,
856 2025 938 2079 Isidis
954 2027 1094 2080 cultricem
1106 2045 1139 2080 eo
1153 2030 1357 2100 superstitionis

268 2108 413 2182 progredi,
428 2121 459 2162 ut
473 2109 509 2162 ab
522 2111 643 2182 AEgypto
659 2123 794 2175 arcessat,
809 2124 857 2164 aut
871 2111 929 2182 ipsa
942 2111 1033 2184 potius
1047 2123 1121 2185 petat
1135 2130 1235 2186 aquam
1246 2115 1315 2182 Nili,
1330 2130 1358 2170 et

268 2193 377 2268 quidem
390 2211 452 2247 eum
463 2205 569 2247 tanturn
582 2194 611 2246 in
624 2193 720 2259 linem,
736 2207 765 2247 ut
777 2197 804 2245 in
815 2199 895 2247 sadans
907 2209 1058 2251 statumve
1072 2195 1154 2251 Isidis
1168 2213 1296 2271 spargat3
1310 2221 1358 2255 ne·

269 2297 322 2349 que
331 2297 391 2332 eam
401 2276 487 2350 magis
496 2277 717 2348 superstitiosam
727 2277 829 2343 inisse,
843 2299 924 2352 quam
936 2297 1013 2353 reges
1028 2281 1184 2344 Persarum,
1200 2283 1246 2354 qni
1259 2302 1356 2355 squam

268 2363 404 2435 Choaspin
422 2362 451 2416 in
472 2362 568 2434 quovis
586 2361 683 2417 itinere
702 2381 794 2419 secum
815 2362 958 2430 duxerint,
978 2362 1012 2417 de
1029 2381 1083 2435 quo
1102 2363 1164 2419 side
1180 2365 1302 2421 Brisson.
1322 2367 1356 2420 de

267 2465 353 2519 reguo
361 2446 439 2500 Pers.
448 2445 475 2509 1,
489 2462 555 2520 pap,
564 2444 608 2513 ⁵9·
620 2443 673 2498 sed
685 2445 742 2498 haec
753 2445 942 2518 interpretatio
954 2464 1009 2499 non
1020 2444 1113 2500 dilfert
1121 2466 1137 2500 a
1146 2462 1259 2516 nostra;
1272 2468 1355 2521 aquas

267 2543 358 2585 autem
365 2529 421 2583 Nili
431 2528 597 2599 Choaspisve
603 2542 707 2596 propter
715 2531 835 2600 insignem
847 2548 931 2580 sanan
942 2533 995 2580 vim
1006 2543 1051 2581 aut
1060 2551 1182 2582 arcanam
1196 2550 1213 2584 a
1222 2534 1355 2604 supersti-

267 2615 345 2668 tiosis
362 2613 426 2665 olim
444 2611 544 2683 petitas
561 2628 634 2672 esse,
651 2611 698 2664 vix
718 2610 891 2664 crediderim.
910 2613 996 2683 Reges
1012 2626 1086 2667 certe
1102 2615 1243 2668 Persarum
1259 2635 1352 2671 secum

269 2697 381 2754 duxisse
393 2694 530 2766 Choaspin
550 2709 660 2764 aquam,
684 2694 748 2765 quia
766 2694 847 2746 inerit
867 2695 1002 2749 levissima
1022 2708 1049 2749 et
1071 2698 1223 2750 suavissimi
1243 2703 1351 2772 saporis

266 2782 348 2855 (ὕδωρ
358 2780 521 2852 ἐλαφρότατον
532 2775 701 2846 astismos),
714 2775 827 2830 tradunt
840 2777 995 2831 Herodotus
1009 2781 1034 2844 1,
1051 2781 1110 2846 188,
1124 2795 1152 2835 et
1163 2783 1266 2835 Ctesias
1274 2784 1352 2856 apud

268 2868 367 2921 Athen.
379 2864 423 2929 ll,
437 2865 454 2914 6
465 2861 541 2932 (st),
552 2876 618 2933 peg-
632 2859 675 2924 45.
685 2859 756 2914 Hinc
769 2873 796 2915 et
805 2863 862 2912 Nili
872 2881 939 2930 aqua
950 2880 966 2915 a
978 2863 1069 2916 multis
1081 2865 1180 2936 petita,
1191 2879 1219 2919 et
1230 2879 1287 2919 tum
1298 2868 1353 2922 Be-

266 2951 363 3005 renioae
377 2966 393 3001 a
411 2946 553 3000 Ptolemaeo
568 2943 673 2997 Philad.
687 2956 780 3015 patre,
797 2955 856 2996 tum
870 2945 928 3016 regi
943 2947 1103 3012 Persarum,
1122 2961 1149 3001 et
1162 2949 1227 3003 haio
1240 2952 1354 3024 quidem

267 3036 363 3091 tributi
369 3036 431 3087 loco
441 3029 517 3102 (vide
527 3031 625 3084 Athen.
639 3030 691 3083 loc.
704 3031 723 3082 l.
735 3044 762 3083 et
773 3031 818 3094 ll,
829 3031 861 3085 ²5
874 3032 941 3101 (74),
954 3051 1015 3104 pag.
1027 3035 1071 3103 67,
1081 3045 1108 3086 et
1122 3035 1193 3088 Plnt.
1205 3035 1264 3090 Vit.
1273 3038 1353 3092 Alex.

266 3137 329 3192 pag.
341 3118 410 3184 686,
425 3118 486 3184 1).),
501 3115 580 3168 missa
591 3112 707 3181 videtur,
719 3133 774 3168 nou
787 3128 902 3187 propter
916 3133 1041 3188 magnam
1055 3136 1192 3172 sacramus
1202 3120 1275 3188 vim,
1291 3140 1352 3195 qaas

266 3204 332 3257 olim
344 3201 369 3256 ei
381 3201 482 3254 tributa
496 3199 542 3252 sit.
559 3198 694 3251 Firmatur
710 3199 767 3252 hac
782 3201 938 3274 conjectura
952 3202 1043 3255 verbis
1057 3202 1150 3258 Senes.
1169 3204 1232 3258 Nat.
1245 3207 1351 3272 Queat.

267 3290 318 3351 IV,
330 3307 361 3350 a,
375 3297 442 3338 extr.
457 3285 570 3350 «Quare
581 3282 659 3335 Nilus
673 3280 761 3336 dulcis
776 3296 829 3346 est,
848 3284 871 3335 si
886 3284 923 3337 illi
937 3304 953 3338 e
966 3287 1035 3340 mari
1050 3285 1123 3341 unda
1136 3287 1195 3341 est?
1208 3289 1266 3344 Neo
1276 3293 1351 3345 enim

267 3371 315 3426 ulli
324 3368 429 3424 flumini
439 3367 545 3421 dulcior
557 3378 660 3439 gustus.
670 3392 681 3413 s
692 3367 753 3419 Non
764 3366 861 3438 ignoro
876 3367 999 3439 quidem,
1010 3370 1038 3423 iu
1050 3369 1170 3443 ejusdem
1180 3372 1277 3428 Senes.
1287 3376 1351 3432 Nat.

268 3458 370 3523 Quasst.
389 3453 447 3519 lll,
466 3449 513 3512 25,
533 3451 590 3504 hae
604 3449 673 3522 legi:
694 3450 899 3515 ·Quorumdam
916 3469 1013 3507 caussa
1032 3473 1087 3506 non
1105 3465 1194 3525 potest
1211 3455 1348 3512 reddi...

266 3557 350 3610 qnare
368 3553 439 3608 aqna
455 3531 573 3588 Nilotica
594 3531 763 3587 fecundiores
785 3534 897 3588 feminas
915 3537 1012 3601 iaciat,
1030 3535 1098 3590 adeo
1120 3551 1149 3592 ut
1167 3543 1347 3610 quarumdam

266 3623 371 3675 viscera
384 3621 465 3691 louge
478 3617 618 3672 sterilitate
629 3616 760 3688 praeclusa
771 3615 807 3670 ad
816 3632 976 3691 conceptum
990 3621 1163 3686 relaxaverit;
1177 3639 1264 3693 quare
1274 3645 1347 3698 qua·

265 3704 370 3758 damin
387 3701 472 3776 Lysia
485 3719 559 3773 aqum
572 3713 734 3773 conceptum
751 3701 911 3756 feminarum
930 3701 1096 3766 custodiant,
1114 3723 1182 3776 qnss
1196 3707 1285 3762 solent
1298 3729 1348 3781 pe·

265 3801 336 3849 tere,
348 3788 447 3860 quibus
461 3803 560 3858 parum
571 3796 651 3838 tenax
664 3783 743 3838 vulsa
752 3797 802 3837 est.
814 3784 896 3850 Quod
905 3784 939 3838 ad
951 3804 994 3839 rue
1004 3787 1117 3850 attinet,
1128 3805 1202 3858 pono
1213 3789 1266 3842 ista
1276 3791 1346 3845 inter

262 3883 364 3924 temere
382 3871 518 3942 vulgata.»
537 3869 576 3920 Ee
596 3881 685 3922 temen
705 3869 759 3921 huc
777 3887 831 3920 non
849 3869 1000 3922 reserenda.
1020 3899 1052 3910 -
1075 3872 1123 3920 Ibit
1140 3887 1195 3922 non
1215 3871 1297 3924 modo
1314 3875 1343 3926 in

263 3955 423 4024 AEgyptum,
437 3951 485 4007 sed
500 3953 583 4006 etism
596 3955 634 4004 ad
644 3953 848 4023 AEffiptifinsm,
865 3955 930 4024 quin
944 3953 1015 4006 ultra
1028 3965 1075 4007 unt
1087 3973 1169 4026 supra
1182 3959 1343 4030 AEgyptum‚

262 4037 310 4089 ubi
323 4041 406 4088 Meros
419 4037 470 4091 sita
482 4050 531 4092 est.
545 4069 581 4080 -
592 4043 690 4098 Meroe,
705 4057 766 4110 qua
778 4038 838 4090 aliis
852 4039 939 4092 insula
949 4037 1067 4091 maxima
1078 4039 1133 4092 Nili
1146 4039 1174 4092 in
1187 4041 1343 4113 AEtlriopia‚

261 4121 338 4192 eujus
358 4119 424 4194 urbs
443 4119 563 4191 ejusdem
582 4121 699 4175 nominis
719 4122 794 4194 regia
812 4121 865 4176 luit
881 4121 958 4176 sedes
977 4121 1061 4194 (vide
1079 4122 1171 4178 Strab.
1191 4125 1222 4192 Ι,
1243 4126 1297 4196 75,
1314 4138 1343 4179 et

260 4220 323 4275 pag.
339 4201 423 4267 11343
437 4203 539 4258 llerod.
554 4204 598 4274 11,
612 4221 662 4274 ²93
674 4205 755 4260 Diod.
770 4206 799 4267 1,
817 4208 881 4279 pag.
894 4206 945 4267 383
962 4207 1031 4263 Ptol.
1044 4207 1136 4274 1v‚8;
1150 4209 1220 4266 Plin.
1232 4210 1279 4276 11,
1290 4213 1338 4282 753
