3130 4986
337 479 397 548 132
480 475 651 543 VARIAE
678 473 969 540 LECTIONES
998 475 1061 540 ΕΤ
1090 478 1243 544 NOTAE

366 591 435 644 Nor.
457 595 515 652 alr.
530 591 599 654 Lyde
610 603 706 639 nomen
719 585 914 658 unguentaria,
926 586 1102 658 promittentia
1121 609 1151 644 ac
1169 587 1325 643 venditantie
1338 603 1397 640 me·

329 673 477 738 dicamiua,
490 669 650 724 sterilitatem
667 667 833 734 amovotia,
852 667 939 739 qualia
957 688 972 721 a
991 669 1099 724 medicis
1117 670 1350 736 commendantur,
1368 679 1396 722 et

329 754 426 826 quihus
445 753 520 818 pyris
538 753 593 822 ejua
615 751 729 809 condita,
754 746 806 800 hoc
823 758 878 812 eat,
902 745 997 800 referta
1014 761 1062 803 eat.
1082 780 1118 790 -
1140 754 1235 817 Pyan,
1256 770 1295 823 qr.
1316 743 1396 814 nile

327 830 409 901 (boile
427 833 458 881 de
470 831 602 900 pommade
619 842 645 879 et
661 829 821 896 d'essence),
837 825 952 898 primum
966 845 997 878 ex
1010 827 1082 881 buxo
1096 821 1218 902 (reliq),
1232 829 1303 901 liguo
1317 829 1395 882 facile

326 913 467 987 poliendo,
481 910 577 964 deinde
585 929 617 964 er
627 929 692 963 auro
701 921 839 982 argentove
850 907 977 962 conlecta.
991 909 1068 964 Coni.
1081 912 1206 985 Bottigeri
1218 913 1311 966 Sahiua
1320 931 1348 984 p.
1359 916 1394 978 69

326 1012 352 1052 et
366 997 417 1069 87,
431 995 473 1050 ed.
487 1015 528 1068 pr.
542 1024 578 1036 -
593 997 716 1064 rugila,
731 991 866 1065 epitheton
876 991 939 1045 anui
949 995 1123 1062 couveniena;
1140 996 1260 1050 Beroald.
1272 996 1393 1068 Turgeu·

326 1093 363 1136 tea
377 1093 403 1136 et
414 1079 533 1153 gravidas
546 1077 657 1132 reddens
669 1089 816 1141 matrouaa;
830 1075 926 1148 Grang.

359 1173 428 1230 Nor.
451 1182 509 1240 ala.
523 1176 638 1243 luperci,
657 1171 735 1226 Pania
753 1171 913 1238 sacerdotes,
935 1173 1000 1226 nudi
1017 1193 1065 1246 per
1084 1176 1176 1230 urbem
1195 1175 1391 1240 diacurmbant,

325 1259 454 1314 undehoc
463 1255 523 1312 loco
532 1260 595 1327 apli
603 1261 721 1324 lupeno,
736 1255 892 1321 etacuticia,
906 1255 949 1308 vel
958 1255 1065 1323 lernlia,
1079 1258 1211 1329 ecaprino
1220 1260 1292 1312 corio
1302 1258 1394 1323 lactis,

323 1357 395 1416 terga
408 1343 450 1396 vel
464 1341 586 1394 humeros
604 1343 615 1409 (
621 1337 649 1392 b.
663 1340 681 1392 Ι.
690 1342 806 1406 pluas,
817 1357 863 1392 aeu
873 1357 981 1403 manua,
992 1354 1021 1392 ut
1030 1341 1100 1413 apud
1110 1341 1243 1396 Plutarch.
1261 1343 1289 1394 iu
1304 1343 1392 1414 Caes.)

323 1423 458 1480 caedebant
466 1425 605 1477 obviorum
615 1463 623 1488 ,
635 1421 767 1494 praecipue
779 1421 919 1474 mulierum
929 1462 938 1488 ,
948 1442 1013 1494 quaa
1024 1423 1086 1477 inde
1097 1425 1220 1480 secundm
1232 1423 1308 1480 reddi
1317 1440 1394 1500 puta·

323 1511 386 1564 haut
396 1528 402 1562 :
414 1505 486 1580 quod
494 1519 586 1562 notum
595 1525 627 1560 ex
637 1502 718 1558 Ovid.
729 1503 797 1558 Faat.
809 1505 853 1570 11,
866 1505 915 1567 425
926 1525 999 1578 aeq.,
1012 1520 1037 1560 et
1048 1508 1085 1574 V,
1099 1527 1164 1574 roa,
1175 1509 1221 1564 uhi
1232 1509 1287 1564 vid.
1299 1509 1392 1562 lleirta.

271 1675 277 1678 -
358 1605 443 1658 lan.
467 1601 613 1666 ι43-ι48.
627 1600 707 1653 Viros
720 1600 819 1666 nubere
829 1600 1009 1671 turpiatimnm
1021 1600 1128 1672 quidem
1142 1613 1198 1670 eat,
1212 1602 1259 1658 aed
1268 1604 1392 1675 turpius,

322 1685 395 1759 quod
407 1684 500 1738 noenia
511 1682 672 1755 tempor-ihm
682 1683 812 1745 vidimus,
825 1681 896 1733 viroa
906 1681 1081 1734 nobiliaaimoa
1089 1701 1174 1736 arene
1183 1702 1290 1755 operam
1299 1684 1393 1748 cdere,

321 1764 390 1822 etad
400 1779 468 1820 artca
479 1766 628 1820 iuhoueattu
637 1763 825 1836 gladiatorum,
835 1764 882 1836 qui
890 1782 981 1816 omnen
991 1764 1101 1818 infames
1110 1763 1193 1819 habiti
1202 1769 1213 1835 (
1221 1765 1276 1820 vid.
1286 1767 1394 1839 141,

322 1855 338 1921 ς
353 1871 366 1904 a
377 1892 385 1917 ,
400 1849 430 1904 li.
446 1847 479 1904 de
492 1847 631 1918 Teatihua)
642 1886 651 1912 ,
661 1846 820 1904 dcaceudere
833 1866 840 1900 :
860 1847 931 1900 conl.
945 1847 996 1913 IV,
1007 1865 1041 1916 99
1053 1867 1108 1920 aeq.
1123 1851 1271 1904 etaimilem
1284 1852 1371 1906 locum
1383 1892 1392 1919 ,

322 1934 406 2000 VIII,
425 1931 845 2000 192-194,et198-—aro,uhi
864 1930 965 2000 cingula
985 1930 1109 1984 illustrata
1122 1931 1233 1986 videhia.
1253 1963 1290 1974 -
1311 1937 1393 2000 Vicit,

322 2015 454 2088 superavit
468 2015 506 2068 rei
518 2013 697 2086 turpitudine,
717 2016 761 2064 liae
774 2028 918 2077 mammon,
931 2011 999 2066 hauc
1010 2031 1066 2066 rem
1079 2013 1222 2067 inauditam
1233 2035 1264 2069 ac
1277 2015 1392 2084 foedam,

321 2099 379 2154 acii.
391 2115 450 2170 que
462 2096 495 2150 dc
506 2096 570 2150 viria
581 2096 741 2149 nubentibus
752 2095 825 2161 dixi;
838 2095 909 2149 coni.
923 2093 957 2148 ad
968 2113 1073 2149 versum
1088 2115 1145 2149 ira.
1159 2125 1195 2139 ·-
1210 2101 1302 2150 Tunica
1312 2112 1338 2152 et
1348 2119 1393 2172 ga·

322 2184 392 2237 lea-ue
401 2181 506 2236 hahitua
519 2180 641 2242 Retiarii,
656 2191 686 2232 ut
695 2198 767 2235 arma
779 2181 941 2252 ejuafuscinc
952 2192 978 2232 et
988 2191 1059 2245 rete,
1071 2180 1124 2233 vid.
1135 2178 1168 2233 ad
1176 2181 1260 2236 VIII.
1273 2202 1324 2237 aoo
1335 2201 1392 2255 aeq.

357 2277 425 2330 Nor.
449 2282 506 2340 144.
519 2277 654 2336 Lustmvit,
666 2274 847 2347 percucurrit,
859 2275 1048 2342 arenamsuga,
1063 2287 1091 2326 ut
1096 2276 1167 2342 firgit
1178 2275 1260 2339 VIII,
1275 2278 1335 2330 208.

358 2371 426 2424 Nor.
449 2370 507 2434 145.
523 2373 676 2436 Generatim,
688 2368 830 2442 antiquiori
840 2387 871 2422 ac
882 2368 1005 2420 nobiliori
1016 2387 1109 2439 genere
1120 2383 1210 2434 natus,
1223 2369 1327 2424 Manliia
1342 2373 1394 2423 ca·

211 2457 214 2465 '
317 2459 444 2525 pitolinis,
457 2457 597 2519 tramitis,
612 2457 720 2515 Catulis,
735 2467 760 2506 et
771 2453 871 2505 AEmilii
885 2455 969 2504 Paulli
978 2455 1123 2517 minoribns,
1137 2453 1188 2507 hoc
1199 2467 1251 2517 eat,
1263 2457 1393 2528 porterit,

323 2552 352 2592 ut
365 2539 396 2604 1,
414 2538 462 2600 148
475 2577 482 2603 ,
497 2537 544 2589 ubi
557 2536 612 2590 vid.
627 2549 724 2590 notatu.
747 2565 783 2576 -
804 2537 956 2598 Genemrior,
975 2535 1104 2602 nobilior,
1121 2549 1149 2588 ut
1160 2537 1216 2602 VI,
1231 2544 1297 2604 ral;
1317 2539 1392 2605 Vll,

328 2640 374 2689 ¹9¹
385 2661 393 2687 ,
406 2621 452 2673 ubi
465 2631 550 2672 tamen
563 2619 604 2671 hn
615 2637 691 2672 vocer
703 2617 777 2673 vario
787 2635 865 2671 aeanu
874 2615 1024 2689 capienda
1039 2617 1123 2684 VIll,
1136 2618 1185 2682 30,
1199 2626 1259 2682 ari.

359 2769 427 2814 Vn.
448 2761 1027 2827 altman,7⁵‚7n—Pau11'quemin0rtlm,
1040 2765 1328 2826 aa,70,75-77,8t,
1342 2769 1393 2828 82,

325 2851 409 2910 utiam
420 2847 516 2897 emend.
526 2847 591 2911 Lipe.
601 2847 677 2910 Epist.
686 2848 777 2908 Quart
788 2855 819 2906 l,
832 2847 874 2894 25.
883 2849 914 2894 ln
923 2846 1022 2910 reliquia
1034 2847 1103 2896 libris
1112 2847 1243 2913 Paulisque
1251 2849 1392 2909 maioribus,

324 2930 395 2996 proh.
405 2930 470 2978 bech
489 2929 549 2996 (vid.
558 2929 590 2978 ad
599 2931 626 2988 1,
638 2925 697 2992 161)
706 2926 852 2986 utmiawm,
864 2929 913 2977 hoc
920 2941 971 2990 eat,
981 2941 1094 2995 nepotes,
1102 2932 1141 2978 vel
1149 2933 1240 2995 posteri
1249 2933 1312 2998 (ald.
1321 2935 1393 2983 Com·

325 3023 400 3062 ment.
415 3014 446 3062 ad
462 3015 489 3072 l,
503 3011 580 3076 148),
597 3012 646 3060 hoc
660 3013 717 3061 loco
734 3013 806 3061 etiam
824 3012 937 3062 dicautur
949 3013 1092 3080 Capitolini,
1110 3015 1238 3076 Marcelli,
1259 3017 1354 3078 cauti,
1367 3032 1391 3070 et

325 3096 412 3155 Fabii,
426 3110 530 3158 quorum
541 3103 625 3158 genter
638 3094 666 3142 in
676 3095 780 3159 posteris
792 3093 843 3142 auia
853 3111 950 3159 iamper
962 3097 1047 3144 Romae
1057 3095 1193 3146 floruerint.

360 3187 428 3238 Nor.
452 3193 508 3254 147.
525 3187 639 3237 Omnibus
651 3189 688 3237 ad
694 3189 797 3253 podium
808 3191 970 3255 spectantius
977 3226 985 3249 ,
1001 3188 1052 3242 hoc
1064 3202 1118 3253 eet,
1136 3191 1305 3246 nobilimimia
1322 3195 1390 3248 aliie.

323 3297 359 3309 -·
369 3271 472 3322 Pedium
489 3267 517 3318 iu
535 3267 606 3320 circo
624 3279 650 3320 et
662 3266 855 3338 amphitheatro
872 3269 1009 3324 dicebatur
1026 3275 1246 3344 proiecturam
1257 3294 1317 3348 para
1328 3293 1392 3348 prc-

321 3351 416 3423 jectior
430 3361 455 3401 et
467 3349 657 3420 prominentior
669 3349 755 3409 muri,
771 3368 876 3404 arenam
888 3352 1007 3422 proxime
1019 3354 1163 3425 cingentia,
1176 3355 1244 3409 inter
1253 3375 1357 3410 arenam
1366 3371 1394 3410 et

326 3433 409 3486 imum
422 3431 561 3490 orcheatrn
574 3430 696 3502 gradum,
718 3432 810 3504 inquo
822 3433 905 3505 gradu
917 3434 997 3506 primi
1011 3452 1026 3486 e
1038 3434 1158 3490 Patribus
1169 3437 1311 3504 sedebant,
1331 3439 1393 3494 vide

326 3517 461 3589 Lipaium,
481 3514 514 3568 de
526 3513 663 3588 Amphith.
678 3534 702 3568 c.
718 3515 774 3581 x1,
792 3517 839 3589 qui
857 3529 944 3570 tamen
958 3535 1011 3570 non
1024 3518 1092 3572 male
1105 3521 1305 3591 auapicahatur,
1324 3523 1393 3576 iuter

326 3600 413 3672 ipeum
431 3597 540 3671 podium
558 3598 693 3669 imumque
707 3598 846 3652 orchestra
863 3599 973 3670 madum
991 3601 1098 3672 planum
1115 3603 1222 3675 aliquod
1239 3615 1266 3655 et
1279 3623 1393 3660 vacuum

327 3683 425 3736 latioris
443 3681 520 3753 apatii
537 3681 631 3739 fuiaae.
650 3681 717 3732 etin
730 3700 762 3734 eo
782 3694 910 3753 spectatae
928 3685 1091 3755 magienatua
1108 3689 1229 3752 curulee,
1248 3687 1394 3755 Prntorea,

327 3765 369 3818 ael
379 3763 498 3818 Editorea
506 3782 659 3828 munerum,
669 3764 697 3816 iu
705 3765 775 3818 aellia
784 3765 920 3819 curulibua
931 3787 961 3820 ac
970 3769 1156 3832 tribunalibtu,
1167 3770 1289 3844 ipeoaque
1297 3771 1394 3830 deinde

327 3843 462 3918 Principea
470 3846 497 3898 iu
506 3858 641 3918 cuppam,
654 3846 696 3900 vel
706 3847 829 3900 cubiculo
841 3851 943 3919 (loge),
958 3851 1038 3924 idque
1047 3852 1153 3926 proprie
1163 3851 1263 3906 dictum
1276 3875 1345 3922 eaae,
1358 3863 1397 3910 ad

321 3931 422 3992 podium
435 3942 561 3996 spectarer
575 3929 602 3980 in
615 3929 666 3981 hoc
679 3931 749 3984 euim
761 3930 841 4002 plano
855 3932 1065 3988 commoditaime
1075 3935 1150 3988 cellar
1160 3935 1265 3989 curules
1278 3939 1395 4008 potniaae

327 4010 405 4078 poni,
419 4029 471 4062 non
485 4012 512 4062 iu
526 4011 589 4081 ipaia
602 4012 733 4081 gradihus.

362 4101 430 4155 Nor.
453 4109 517 4172 147,
531 4105 588 4166 148.
605 4108 649 4156 llis
658 4106 826 4160 nobilissimis
836 4109 965 4162 virialicet
974 4124 1003 4164 ut
1012 4115 1155 4173 amoveas,
1171 4113 1222 4166 hoc
1234 4127 1284 4177 ert,
1297 4115 1396 4170 addere

327 4185 439 4255 poteria,
453 4187 528 4236 ctiam
544 4191 636 4254 ipsura,
651 4189 698 4260 qui
708 4202 765 4240 tune
774 4207 869 4244 munus
879 4192 976 4259 edidit,
991 4193 1017 4245 iu
1028 4213 1081 4266 quo
1093 4195 1229 4249 Gracchus
1238 4200 1300 4248 nuh
1311 4201 1393 4258 misit,
