3148 4990
326 395 369 464 30
474 398 645 464 VARIAE
675 399 970 468 LECTIONES
1000 403 1065 468 ET
1095 401 1248 470 NOTAE

363 511 447 564 Antan.
469 512 581 577 26-29.
597 512 731 578 Crispinus,
747 532 761 566 a
775 530 851 568 servo
866 515 932 570 sorte
945 513 1081 587 cujusdam
1094 533 1125 568 ex
1136 514 1224 568 infima
1237 512 1300 568 fasce
1312 513 1400 585 plebia

327 591 503 655 b*i1iacoe,boo
512 594 706 666 esnAEquuiae,
715 596 827 666 genitus,
836 599 925 651 saltem
933 597 1027 650 humili
1035 599 1093 652 loeo
1102 598 1343 670 natnsinffigypto,
1351 595 1399 650 sed

326 679 476 734 Domitiano
491 678 650 750 gratbsimus
663 691 688 731 et
701 699 732 732 ex
748 680 837 734 servili
858 681 1007 736 conditione
1021 681 1054 742 ad
1072 680 1223 756 dignitatem
1237 699 1400 751 censumque

327 773 473 836 equestrem
486 773 633 834 provectus.
649 761 676 814 Si
688 761 794 818 scholiis
807 777 870 820 vett.
882 764 945 821 iidea
958 765 1094 830 habende,
1106 765 1290 836 Egyptiaonm
1303 762 1400 816 habuit

326 859 426 920 patrem
435 856 593 918 matremque
602 845 740 902 Arabiam
748 831 791 914 ,et
798 848 847 900 suit
855 847 993 919 AEgyptiua
1000 846 1191 902 Alexandrinus
1199 887 1206 912 ,
1213 845 1364 918 chartapoln
1373 855 1400 898 et

326 927 431 982 unusde
439 927 747 996 Liciuiaecomulibus,h.
755 951 779 984 e.
788 932 976 986 comitibuarel
984 931 1146 992 consiliariis.
1154 931 1290 1003 Crispinus
1296 929 1401 984 drente-

324 1010 384 1082 pola
394 1009 476 1078 (forte
483 1001 665 1078 xapqoaeians)
678 1006 727 1062 tuit
735 1049 742 1074 ,
751 1021 776 1062 et
785 1011 939 1085 AEgyptius,
951 1029 981 1064 ex
992 1009 1163 1076 Alexandria,
1172 1029 1200 1064 ea
1209 1010 1398 1082 prepositura,

324 1110 403 1172 quam
415 1090 509 1164 papyri
524 1089 672 1144 venditores
685 1091 851 1160 babitabant;
864 1094 954 1148 Sebol.
968 1095 995 1148 in
1009 1093 1069 1150 ood-
1083 1093 1212 1148 Schurufl.
1228 1095 1270 1148 Ci.
1284 1095 1332 1150 ini.
1344 1093 1398 1158 IV,

329 1176 428 1243 1-33,
445 1177 511 1242 108,
530 1193 595 1246 109,
610 1187 634 1228 et
648 1175 749 1230 Schott.
764 1177 842 1230 Obss.
855 1178 892 1244 V,
907 1177 950 1231 35.

360 1293 396 1302 -
411 1264 534 1328 Canopus,
550 1278 613 1332 opp.
627 1260 752 1331 AEgypti,
769 1257 978 1332 ad'Canopieum
997 1260 1052 1312 Nili
1069 1260 1179 1326 uatium,
1200 1279 1253 1317 non
1268 1261 1346 1331 longe
1362 1260 1399 1314 ab

323 1427 441 1482 virorum
453 1424 559 1480 infame.
570 1434 594 1488 Ι,

359 1519 428 1572 Non.
444 1537 485 1589 ²7·
499 1521 584 1584 Tyrias
592 1523 857 1590 purpureaa,bumem
865 1533 989 1570 revocante
998 1523 1109 1570 iacemus
1118 1517 1193 1572 docte
1203 1517 1302 1572 dictum
1310 1517 1397 1571 videri

323 1611 407 1673 potest
415 1599 449 1654 de
461 1599 598 1671 Crispino,
611 1599 728 1653 humeris
738 1599 855 1672 delapsas
868 1600 962 1653 iterum
974 1601 1111 1672 colligente
1122 1601 1237 1654 lacernas
1244 1641 1252 1666 ‚
1264 1619 1337 1652 more
1347 1599 1398 1651 bo-

325 1684 402 1744 mini·
414 1683 493 1748 novi,
507 1683 554 1754 qui
566 1682 608 1736 hia
620 1684 735 1737 vestibus
745 1685 785 1736 uti
797 1686 894 1741 nescit:
908 1685 959 1738 nisi
972 1705 1102 1757 exponere
1115 1687 1189 1737 malis
1201 1703 1260 1738 oum
1274 1685 1396 1737 Gronov.

324 1768 400 1822 Obes.
411 1767 455 1832 11,
469 1784 516 1834 193
530 1765 642 1820 humem
653 1767 768 1820 lacernas
785 1767 921 1823 adstrictas
939 1782 964 1822 et
982 1769 1101 1840 religatas
1114 1769 1201 1822 fibulis
1219 1769 1341 1823 habente.
1361 1766 1396 1820 ld

323 1850 437 1909 arridere
450 1861 551 1921 potest,
564 1850 624 1902 coll.
640 1849 731 1904 Sidon.
748 1851 790 1916 11,
807 1850 874 1918 396:

573 1947 655 1993 Fibula
668 1948 772 1995 mordaci
779 1950 874 2011 refugas
885 1965 896 1996 a
906 1959 1003 2012 pectore
1012 1957 1087 1995 vestes

570 2025 647 2068 Dente
661 2024 738 2084 capit:

744 2153 975 2172 §Mn-nmmum

362 2247 370 2270 ¹
395 2239 453 2286 Vid.
477 2239 540 2288 infru
559 2242 613 2300 VI,
634 2243 683 2298 843
702 2241 766 2300 XV,
788 2242 833 2297 46;
882 2240 974 2287 Liberti
988 2241 1054 2287 enim
1069 2239 1201 2303 imaginem
1215 2247 1310 2286 tantum
1324 2239 1398 2302 inge·

324 2319 402 2366 Strab.
417 2321 504 2380 xvn,
517 2337 542 2384 p.
555 2321 618 2380 800,
630 2335 656 2380 r;
668 2321 751 2370 Senec.
761 2320 836 2384 Epist.
881 2319 1000 2376 unitatis,
1014 2335 1068 2368 non
1080 2333 1139 2392 vero
1154 2326 1241 2364 statum
1251 2317 1299 2364 isto
1312 2318 1397 2380 capie-

325 2401 371 2460 Ll;
385 2398 444 2446 Ulit.
459 2399 489 2446 ad
502 2399 569 2447 Grut.
581 2399 671 2466 Cyneg.
685 2416 708 2454 v,
719 2401 766 2460 433
779 2401 838 2445 Am·
882 2397 1075 2464 bantnririlegio
1083 2415 1090 2458 ;
1099 2395 1164 2459 quod
1172 2406 1237 2462 patet
1246 2411 1278 2442 ex
1285 2397 1312 2443 L.
1321 2396 1397 2447 unica

325 2477 399 2526 mian.
413 2477 522 2526 Marcell.
539 2480 629 2538 xxu,
647 2479 678 2526 ιθ
692 2487 837 2538 et413nos
881 2477 908 2526 C.
923 2475 954 2524 ad
971 2477 998 2523 L.
1014 2475 1109 2528 Vissell.
1123 2485 1147 2525 et
1163 2475 1189 2521 L.
1208 2475 1240 2525 11.
1253 2474 1281 2522 C.
1297 2474 1327 2522 de
1338 2475 1397 2536 jure

324 2557 356 2606 nd
371 2557 412 2604 Sil.
426 2559 480 2617 XI,
495 2559 560 2616 431,
578 2569 602 2605 et
619 2559 683 2626 inpr.
700 2557 786 2606 Heius.
804 2558 835 2604 ad
881 2574 933 2605 aur.
946 2572 1004 2606 ann.
1019 2556 1063 2604 nbi
1077 2557 1125 2606 sie:
1141 2555 1239 2603 «Dioni.
1253 2565 1277 2602 et
1290 2557 1395 2607 Maxim.

325 2635 398 2684 Ovid.
411 2636 497 2682 Amor.
515 2637 555 2694 11,
572 2635 617 2695 13,
632 2654 654 2696 7.
664 2637 748 2684 -Ad
763 2637 836 2685 verba
881 2653 1012 2684 aureorum
1021 2653 1080 2684 usus
1088 2635 1250 2692 annulorum,
1262 2636 1397 2700 principali

324 2731 391 2777 seqq.
405 2714 457 2762 bno
466 2715 560 2763 notavit
572 2714 731 2764 Plnthnems:
746 2738 758 2757 ι
767 2717 837 2768 Indi·
880 2715 1003 2766 beneiioio
1017 2715 1122 2766 tributus
1135 2713 1242 2772 libertis,
1258 2715 1341 2777 quoad
1358 2716 1396 2762 vi-

324 2803 411 2858 guntur
418 2806 500 2858 poeta,
508 2794 837 2868 Crispinnm,AEgyptinonm
881 2805 956 2856 runt,
968 2795 1113 2858 imaginem,
1125 2808 1176 2844 non
1185 2801 1273 2840 statum
1282 2793 1397 2856 ingenui·

324 2873 490 2938 mancipium,
505 2873 618 2941 turpibus
629 2871 716 2921 officiis
728 2891 741 2920 e
751 2873 837 2940 Virga·
881 2874 935 2920 tatis
947 2883 1049 2938 praestat.
1057 2895 1069 2914 a
1078 2872 1137 2921 Cum
1150 2871 1225 2938 impp.
1235 2872 1309 2917 sentit
1319 2873 1396 2920 Mart.

323 2971 378 3002 rum
400 2954 497 3002 colonia
520 2954 551 3001 ad
571 2964 708 3018 equestrem
730 2953 836 3002 evolasse
879 2954 1085 3015 jurisconsultus,
1096 2953 1138 3016 qui
1150 2951 1233 3016 etipse
1243 2952 1260 3002 l.
1272 2953 1320 3010 33,
1334 2951 1349 3018 S
1362 2970 1392 3002 ιι

324 3033 482 3097 dignitatern,
496 3034 566 3093 cnjus
573 3033 695 3098 peculiare
705 3049 836 3086 ornamen-
881 3032 911 3079 de
919 3033 992 3081 cond.
1000 3043 1024 3080 et
1032 3033 1164 3080 demonstr.
1171 3031 1237 3078 istud
1244 3031 1395 3082 beneficium

324 3121 377 3158 tuna
389 3112 493 3160 aunarius
505 3129 601 3161 anrerts.
617 3113 698 3160 Servis
709 3113 776 3160 enim
788 3114 835 3160 ier·
881 3130 930 3160 non
943 3114 1103 3160 mutationem
1112 3111 1239 3160 induxisse
1249 3121 1337 3168 status,
1349 3112 1394 3160 sed

323 3205 391 3245 rena,
401 3191 468 3255 plebi
477 3209 537 3240 vero
546 3201 688 3256 argenteum
699 3209 722 3240 v.
732 3192 836 3240 Bndaens
881 3203 1037 3257 augmentum
1057 3191 1161 3239 honoris
1182 3190 1265 3238 saltem
1285 3191 1395 3242 attulisse

323 3267 354 3315 ad
367 3269 394 3314 L.
408 3267 452 3316 lin.
465 3270 490 3317 ii.
506 3269 536 3316 de
549 3279 654 3317 aennon.
668 3269 755 3318 Rosin.
767 3272 835 3318 Antt.
881 3282 1037 3319 contestatur.
1048 3273 1135 3319 Totam
1148 3281 1229 3318 antem
1243 3285 1294 3317 rem
1307 3271 1394 3333 paneis

324 3346 431 3405 Romi,
444 3363 485 3408 173
495 3348 559 3412 Lips.
569 3348 643 3396 Eleet.
653 3350 702 3407 111,
714 3349 742 3408 83
754 3349 836 3410 CnJ'ac.
880 3353 1049 3416 eomplectimr
1067 3351 1186 3415 Ulpianus
1208 3347 1238 3396 de
1257 3351 1318 3397 Bon.
1338 3349 1394 3398 Lib.

324 3425 397 3474 Obas.
414 3429 479 3487 vn,
502 3437 541 3484 ιι..
560 3427 625 3475 Illnd
645 3439 726 3476 tamen
746 3440 834 3489 notes,
880 3435 906 3480 1..
926 3431 977 3490 ΙΙΙ,
996 3429 1095 3494 mendo
1111 3429 1235 3478 aemulatos
1248 3427 1394 3490 huiusmodi

323 3504 450 3566 Libertos,
462 3507 540 3570 qualia
548 3506 590 3554 bie
602 3507 744 3575 Crispinus,
758 3510 824 3574 impe
880 3511 970 3561 vixisse
980 3520 1008 3557 nt
1022 3509 1157 3572 ingenuos,
1176 3518 1285 3556 mortuos
1298 3524 1351 3555 ease

323 3595 385 3633 tram
397 3587 453 3647 inre
466 3601 596 3634 annorum
608 3587 768 3650 annulorum,
783 3604 834 3646 ¹non
879 3589 980 3636 libertos
994 3587 1110 3640 adserit.»
1123 3612 1159 3624 -
1169 3587 1207 3634 lix
1220 3585 1393 3636 emendatione

324 3666 404 3712 atatim
418 3667 511 3732 equites
524 3667 614 3728 laetos,
631 3667 674 3714 aed
684 3669 753 3731 qnasi
766 3671 836 3732 equi·
880 3667 970 3716 Graevii
992 3677 1016 3713 et
1035 3665 1137 3714 Scriner.
1158 3665 1184 3712 in
1202 3664 1285 3712 Crenii
1307 3665 1394 3715 Anim·

324 3755 374 3806 tea,
388 3755 416 3794 nt
426 3745 535 3809 loquitur
545 3748 602 3796 Tne.
612 3749 679 3794 Ann.
688 3750 745 3796 XV.
756 3748 836 3798 Deba·
879 3763 904 3810 p.
927 3756 972 3806 ιι,
993 3744 1095 3793 ventilet
1110 3744 1234 3808 (lacernas
1252 3752 1275 3789 et
1294 3743 1394 3792 assidue

325 3833 365 3872 tur
378 3826 444 3876 enim
458 3827 498 3886 jus
510 3827 595 3874 annuli
607 3828 676 3874 aurei
687 3827 777 3876 libertis
784 3863 793 3886 ,
808 3839 836 3878 ut
880 3827 1001 3883 sublevet,
1010 3834 1037 3872 nt
1044 3823 1149 3872 annulos
1157 3834 1181 3870 et
1188 3821 1394 3886 wdouyrbaun

325 3903 406 3968 inquit
414 3905 516 3954 Godosr.
526 3907 553 3956 in
562 3906 640 3955 Rubr.
651 3907 676 3954 ii.
684 3906 715 3953 de
722 3907 776 3967 jure
784 3923 835 3955 aur.
880 3921 979 3955 manum
988 3902 1115 3965 ostendat)
1124 3900 1204 3950 astino
1212 3899 1294 3966 digitis
1301 3901 1394 3952 sudan-

324 3999 397 4041 ann.,
414 3983 552 4042 ditioribus,
575 3985 602 4033 id
620 3996 670 4047 est,
688 3985 836 4034 habentibus
879 3985 1011 4033 tilrssauro
1021 3999 1120 4031 sensum
1133 3982 1217 4043 ntique
1230 3981 1349 4046 aptiorem
1361 3981 1393 4028 ad

326 4071 359 4120 4⁰
373 4062 448 4110 millia
461 4063 488 4110 in
501 4066 695 4125 censu.Sed‚nt
708 4065 775 4126 dixi,
789 4081 834 4114 nec
880 4063 1006 4116 mollitiem
1021 4061 1130 4126 Crispini
1144 4060 1319 4128 increpandam
1332 4076 1394 4124 pto·
1491 4123 1495 4130 ²

325 4151 394 4189 mant
411 4143 512 4205 perlecti
530 4143 639 4208 equites,
661 4161 707 4191 neo
725 4144 835 4208 ingenui.
880 4133 933 4190 dire
947 4152 1029 4192 censet
1041 4141 1139 4190 Gurlitt.
1154 4141 1170 4188 l.
1184 4140 1199 4190 l.
1212 4142 1239 4190 in
1252 4151 1310 4188 nota
1325 4150 1350 4204 4.
