3122 4986
336 381 400 468 670
496 377 666 444 VARIAE
688 380 976 448 LECTIONES
999 385 1063 450 ΕΤ
1086 383 1118 450 N
1125 385 1239 452 OTAE

373 493 442 544 Nor.
465 491 530 554 136,
550 491 608 560 137.
627 493 649 542 ll
662 489 802 546 lictoribus
815 494 885 548 drea
897 496 941 548 rel
955 495 1147 567 provinciales,
1162 497 1250 567 capite
1263 494 1398 559 damnati,

335 575 453 648 primum
460 573 540 640 virgis
550 571 729 644 cedebantur,
735 587 762 629 ct
768 575 866 630 deinde
871 577 1090 649 percutiebantur
1095 577 1250 632 secanid.
1254 578 1328 634 edan.
1336 581 1396 633 aaa.

335 690 370 700 -
386 661 414 709 δι’
422 671 446 708 tc
456 659 578 708 delectant
588 660 683 710 trebates
693 663 760 710 lasso
771 661 853 712 lictore
864 679 974 726 secura,
990 656 1071 721 dettitt
1083 680 1116 716 ac
1126 674 1238 718 venuste
1249 660 1283 714 de
1296 677 1395 716 tum

334 742 446 808 neritia,
456 758 515 811 qun
526 741 565 793 eic
573 753 598 792 et
607 741 684 805 XIV,
696 743 726 795 18
737 762 777 815 aq.
787 742 970 797 adumbratur.
978 776 1014 787 -
1027 749 1161 809 Crammer,
1177 763 1241 817 pag.
1251 745 1369 799 dasse.

370 839 440 892 Nor.
462 839 608 901 138-141.
627 839 743 893 Pulchre
756 859 788 893 ac
799 857 863 894 vera
876 840 1020 906 cententio,
1035 840 1199 894 enobilibue
1210 857 1351 910 ‘nunquam
1363 857 1393 892 ex

336 923 426 975 animo
440 920 607 974 dimittenda.
622 923 699 976 Cous.
711 925 840 996 preclara
849 925 908 978 loca
918 926 975 979 Cic.
987 923 1022 978 ad
1032 925 1149 978 Heroon.
1161 927 1212 987 IV,
1227 931 1274 990 ⁴73
1287 924 1394 978 Selluet.

335 1007 401 1061 Bell.
412 1007 477 1076 Jug.
490 1005 533 1071 85,
546 1018 572 1057 et
583 1006 648 1058 Bell.
660 1007 719 1060 Cat.
730 1026 753 1060 c.
767 1008 811 1072 51,
824 1022 850 1062 et
861 1013 994 1074 Crammer,
1004 1028 1066 1081 pag.
1078 1009 1139 1062 325.
1151 1009 1204 1062 En.

371 1105 439 1157 Nor.
462 1103 520 1168 139.
540 1106 626 1152 Facem
640 1106 759 1172 praeferre
766 1108 897 1173 pudendis.
916 1108 942 1158 N
944 1106 1051 1159 obilita
1068 1117 1210 1177 pareutum
1226 1116 1336 1156 tuorum
1350 1121 1398 1174 pu·

335 1185 430 1241 deudie
443 1196 470 1240 et
480 1183 603 1256 turpibus
617 1185 670 1237 tuis
682 1186 758 1240 lactis
771 1187 856 1240 lacem
867 1188 989 1261 praefert,
999 1199 1030 1240 ut
1042 1185 1182 1258 turpitudo
1194 1198 1241 1238 tua
1253 1204 1285 1237 eo
1302 1185 1398 1238 clarina

334 1281 439 1341 pateat,
449 1282 475 1322 et
484 1267 608 1321 omnibus
619 1267 776 1322 innotescat.
789 1273 890 1324 Totum
899 1271 971 1325 hunc
979 1272 1069 1324 locum
1078 1269 1157 1322 colito
1168 1268 1267 1340 ingenii
1278 1269 1398 1321 acumine

334 1354 454 1405 imitatus
465 1363 504 1406 eet
516 1353 631 1415 Barim,
647 1351 702 1404 Sat.
715 1353 751 1415 V,
766 1353 800 1405 to
815 1372 871 1424 sqq.

520 1467 532 1486 a
542 1445 610 1492 Alore
623 1461 692 1504 noyez
704 1447 752 1492 iren
761 1447 803 1492 dee
812 1449 865 1510 plut
874 1448 969 1495 lameux
977 1463 1130 1510 mouuquen

519 1521 619 1566 «Venta
628 1519 658 1564 dc
669 1519 733 1566 mille
744 1524 827 1575 alcun
842 1531 877 1576 et,
890 1522 910 1566 ti
922 1537 949 1566 cc
960 1523 1019 1567 n'ett
1031 1537 1110 1575 ntea,

519 1591 666 1638 «Fauillutca
675 1593 689 1639 'a
698 1593 764 1639 loiair
773 1605 826 1641 tous
836 1595 870 1640 lca
881 1595 962 1642 nitelae
970 1595 1061 1656 paeee'e3

517 1687 530 1706 a
537 1667 618 1725 Voyea
629 1665 659 1711 tle
668 1666 723 1727 quel
732 1668 839 1726 guerricr
848 1668 865 1715 it
874 1683 933 1714 vona
942 1669 1003 1730 plait
1012 1668 1042 1713 tle
1051 1667 1189 1715 deaceutlre.

518 1832 531 1852 a
540 1810 573 1858 Ce
584 1811 641 1872 long
653 1827 716 1858 amaa
728 1811 820 1856 d'aieux
832 1827 878 1872 qne
890 1828 950 1858 roue
962 1813 1072 1861 diffamer
1083 1824 1153 1869 tona,

517 1905 530 1925 α
537 1886 597 1931 Sout
607 1893 691 1930 autaut
701 1885 732 1930 de
744 1884 845 1932 timolus
857 1887 898 1947 qui
910 1889 1004 1948 parltut
1014 1898 1096 1934 contre
1105 1903 1172 1935 tout.

519 1980 532 1999 α
539 1962 570 2006 Et
579 1969 632 2006 tout
641 1974 668 2004 cc
677 1959 752 2020 grand
761 1959 820 2006 celat
830 1960 862 2005 da
869 1963 921 2007 leur
929 1961 1004 2022 gloire
1013 1963 1087 2008 ternie

519 2034 575 2080 -lle
587 2043 635 2079 tert
647 2032 700 2094 plue
712 2048 758 2094 que
770 2033 799 2079 de
810 2035 867 2094 jour
878 2033 890 2079 i
903 2045 971 2081 rotre
982 2035 1137 2097 ignominie.»
1338 2037 1382 2082 En.

371 2121 440 2173 Nou.
461 2124 519 2182 ado.
540 2121 635 2171 cama·
654 2121 817 2187 compactura,
839 2119 925 2190 magia
945 2120 1120 2193 conspicuum
1143 2117 1224 2189 (ride
1241 2119 1344 2174 Ernesti
1361 2117 1396 2170 ad

334 2192 408 2256 sta.
420 2201 516 2256 canu.
529 2220 552 2254 c.
568 2203 608 2270 t).

369 2373 436 2420 Vna.
456 2381 514 2429 rar.
535 2374 644 2435 Quanta,
657 2370 700 2436 qai
706 2383 808 2435 peccat,
821 2369 1021 2436 majorltabetur,
1035 2388 1074 2420 10.

347 2477 349 2484 ’
369 2463 440 2516 Nor.
464 2467 522 2526 tia.
544 2469 606 2530 Qua,
619 2480 702 2533 qnare
714 2464 801 2531 (utve.
812 2481 837 2531 9,
849 2462 898 2514 ubi
908 2461 970 2516 vide
980 2463 1062 2529 not),
1071 2463 1131 2512 milti
1139 2476 1162 2511 te
1169 2462 1265 2533 jactae,
1278 2459 1320 2511 rel
1331 2457 1394 2530 quid

335 2543 460 2617 prodeat,
478 2558 504 2598 te
518 2546 609 2597 nobile
623 2544 690 2597 mihi
705 2543 851 2616 praedicare
865 2560 962 2613 genua,
979 2543 1026 2614 qui
1039 2543 1130 2614 glorie
1143 2545 1278 2614 majorum
1292 2555 1395 2593 tuorum

334 2629 423 2681 labem
434 2628 592 2700 adspargis?
603 2629 704 2699 Magna
713 2629 754 2682 via
766 2627 834 2680 ineat
843 2628 872 2680 in
884 2627 927 2680 hia
935 2627 1064 2692 vertibue,
1076 2627 1174 2698 quibua
1185 2626 1236 2678 lilii
1245 2625 1345 2678 necleta
1354 2643 1396 2696 pa·

333 2726 439 2766 rentum
452 2713 597 2767 virtutibus
611 2723 794 2785 opponuntur.
816 2709 869 2764 sed
880 2713 969 2764 minue
979 2712 1021 2764 illi
1033 2711 1152 2784 placent,
1167 2711 1295 2782 quoniam
1307 2709 1395 2763 eadm

333 2797 464 2849 sententia
475 2798 613 2868 repetitur,
626 2815 708 2868 quam
721 2808 800 2867 poeta
813 2796 869 2866 jam
880 2813 918 2849 ra.
930 2795 1016 2847 6-18
1033 2793 1115 2845 aimili
1128 2792 1210 2845 modo
1224 2803 1394 2864 expresserat.

333 2911 369 2920 -
381 2885 496 2933 Tabellas
506 2880 654 2933 tentamenti
664 2883 689 2930 ia
700 2881 794 2947 templis
806 2875 976 2948 deponebant
986 2876 1113 2939 Romani,
1127 2895 1185 2948 quae
1201 2887 1259 2928 tuta
1268 2889 1344 2928 erant
1356 2894 1395 2927 re·

332 2963 432 3033 ligione
446 2963 558 3018 deorum
567 2963 736 3034 militumque
749 2960 877 3015 excubiia.
890 2960 970 3013 Coni'.
980 2962 1058 3022 XIV,
1069 2964 1128 3024 260,
1139 2973 1166 3013 et
1175 2959 1211 3013 ad
1220 2959 1286 3012 Tac.
1299 2959 1394 3014 Anual.

332 3045 359 3107 1,
373 3047 398 3098 8.
412 3047 518 3100 Ibidem
530 3064 637 3118 quoque
650 3047 799 3114 signabant,
814 3057 845 3097 ut
856 3044 1039 3110 ostenderent,
1052 3042 1134 3096 fidem
1143 3043 1273 3114 religione
1284 3043 1395 3096 maxime

331 3128 493 3198 coneuingi3
505 3128 604 3181 Britan.
616 3130 747 3182 Praeterea
757 3128 881 3182 hocloco
895 3139 1076 3180 memorentur
1087 3131 1190 3195 templa,
1202 3129 1321 3195 quoefiait
1329 3145 1395 3188 avus,

332 3209 442 3264 condita
453 3228 469 3262 a
479 3211 627 3283 majoribus
639 3211 692 3284 piia
702 3224 728 3264 et
739 3211 879 3282 religiosis.
894 3242 930 3252 ·-
939 3217 1049 3262 Statuam
1060 3225 1117 3262 aate
1127 3213 1298 3280 triumphalem
1305 3229 1395 3277 paren·

332 3297 370 3355 tis,
382 3305 412 3346 ut
426 3312 560 3365 suprave.
578 3312 618 3357 rr,
631 3308 687 3344 ante
698 3296 870 3346 Numantinos.

368 3390 438 3442 Non.
461 3389 518 3453 14⁵.
533 3393 607 3440 Vetas
617 3393 750 3458 adaperta,
762 3402 792 3442 ut
803 3387 876 3460 apud
888 3389 965 3458 Virg.
975 3385 1081 3441 AEuaid.
1096 3387 1152 3450 111,
1167 3373 1230 3450 405ss
1239 3415 1274 3425 —
1285 3388 1395 3440 coculla,-

332 3472 396 3527 vide
409 3472 445 3527 ad
458 3473 518 3539 ΙΙΙ,
541 3491 605 3544 170,
620 3486 647 3526 et
657 3475 713 3539 VI,
728 3473 786 3527 118.
806 3470 889 3538 Quod
908 3469 943 3524 ad
955 3488 1062 3524 tensum
1076 3472 1183 3534 attinet,
1197 3470 1291 3523 confer
1304 3469 1395 3520 Horat.

332 3559 387 3613 Sat.
400 3561 446 3624 11,
461 3578 487 3630 7,
503 3557 535 3612 55
551 3576 607 3630 seq.
620 3558 690 3612 Plin.
701 3558 789 3630 Epist.
799 3557 858 3618 ΙΙΙ,
875 3575 919 3620 ra,
933 3565 961 3608 et
971 3556 1093 3627 Propert.
1102 3556 1146 3622 ΙΙ,
1156 3573 1204 3624 ag,
1217 3574 1263 3620 aa,
1274 3554 1324 3606 ubi
1337 3550 1396 3604 ride

332 3643 418 3714 Vulp.
428 3644 611 3707 -Saataat'co,
621 3640 737 3706 Gallico,
748 3639 831 3712 epitb.
844 3655 903 3691 orn.
914 3656 931 3691 u
940 3639 1112 3702 Santonibue,
1125 3637 1228 3710 populo
1240 3635 1396 3709 Aquitanico

333 3723 403 3778 inter
412 3725 529 3796 Ligerim
539 3736 566 3778 ct
578 3723 743 3800 Garumnam
752 3761 760 3788 ,
769 3721 816 3774 uhi
828 3740 900 3775 nuuc
910 3723 1051 3790 Saiatoage.
1061 3732 1070 3756 ¹

755 3886 983 3906 mmm

370 3994 377 4016 ¹
398 3987 488 4035 Confer
502 3987 533 4034 ad
546 3989 621 4048 xV1,
640 3989 683 4048 13,
694 3987 799 4036 Martiul.
814 3990 841 4046 1,
885 3987 1015 4036 Santonico
1030 3985 1105 4032 vestit
1119 3997 1142 4034 tt
1162 3966 1364 4042 tardantem,
1373 3997 1397 4032 et

333 4067 377 4122 tt..
394 4066 407 4112 t
415 4101 421 4126 ‚
435 4076 460 4113 et
473 4067 538 4130 iupr.
551 4069 620 4127 XIV,
636 4069 697 4126 ras,
716 4085 744 4114 r:
758 4066 840 4116 Gallia
889 4067 1017 4125 Gramma,
1032 4080 1087 4128 pag.
1100 4063 1159 4113 326.
1170 4065 1214 4111 llo.
