3122 4986
489 487 675 562 sarran
699 489 901 555 ocravl.
1162 495 1226 579 629

156 599 301 688 Fervet,
320 619 355 671 et
368 602 510 673 exsultat
519 629 629 675 rauco
647 605 787 674 victoria
803 607 904 702 circo.

157 711 293 782 Nobilis
312 704 383 800 hic,
401 737 617 809 quocumque
630 715 725 783 venit
739 714 781 784 de
797 716 965 809 gramine,
983 718 1080 810 cujus
1192 731 1227 784 60

154 817 260 888 Clara
275 820 355 916 luga
369 836 447 891 ante
466 821 565 908 alios,
585 839 620 891 et
633 823 762 916 primus
776 825 812 894 in
827 849 962 920 aequore
979 827 1105 921 pulvis:

153 927 226 996 Sed
240 931 359 1000 venale
379 956 482 1026 pecus
498 933 657 1026 Corythae
674 935 852 1027 posteritas
865 952 900 1004 et

153 1041 312 1136 Hirpini,
327 1043 354 1112 si
370 1068 445 1113 rara
459 1045 543 1139 jugo
558 1045 714 1115 Victoria
728 1047 825 1116 sedit.

153 1150 216 1220 Nil
231 1152 277 1220 ibi
291 1153 457 1248 majorum
471 1169 660 1250 respectus,
676 1157 782 1250 gratia
798 1156 891 1226 nulla

153 1257 381 1330 Umbrarum:
396 1261 554 1331 dominos
568 1264 684 1357 pretiis
698 1280 829 1334 mutare
840 1265 1005 1359 jubentur
1194 1279 1227 1332 ⁶5

152 1367 311 1462 Exiguis,
329 1371 477 1465 tritoque
495 1371 634 1442 trahunt
652 1374 801 1468 epiredia
819 1374 906 1446 collo

152 1479 383 1573 segnipedes,
401 1481 562 1576 dignique
578 1482 701 1553 molam
717 1509 852 1554 versare
869 1486 1025 1580 Nepotis.

29 1632 33 1641 ·
152 1591 248 1682 Ergo
261 1606 300 1658 ut
315 1590 479 1662 miremur
495 1606 543 1679 te,
558 1618 628 1663 non
646 1609 717 1679 tua,
731 1594 880 1688 primum
895 1593 1022 1689 aliquid
1036 1595 1096 1681 da,

150 1699 257 1787 Quod
272 1702 399 1795 possim
409 1700 518 1798 ¹titulis
533 1702 683 1775 incidere
699 1718 823 1798 praeter
840 1704 1003 1787 honores,

150 1809 250 1896 Quos
266 1808 331 1879 illis
347 1811 464 1880 'damus
480 1827 515 1880 et
530 1812 700 1900 dedimus,
717 1814 839 1910 quibus
855 1813 970 1881 omnia
985 1812 1095 1881 debes.
1189 1849 1223 1898 7⁰

203 1921 286 1989 Haec
301 1920 379 1990 satis
395 1920 438 1989 ad
449 1921 631 2014 juvenem,
647 1947 749 2016 quem
765 1923 863 1990 nobis
876 1921 965 1990 lama
980 1921 1164 2015 superbum

150 2027 288 2115 Tradit,
305 2045 340 2098 et
352 2029 507 2097 inflatum
524 2027 733 2122 plenumque
749 2031 890 2098 Nerone
906 2030 1112 2124 propinquo..

26 2137 29 2148 '
146 2139 260 2206 Rarus
274 2139 364 2206 enim
379 2137 489 2206 ferme
503 2160 619 2205 sensus
634 2136 823 2206 communis
838 2137 874 2204 in
892 2135 950 2206 illa

148 2249 319 2315 Fortuna:
336 2247 395 2316 sed
410 2262 444 2314 te
459 2245 590 2314 censeri
604 2243 703 2318 laude
719 2261 871 2332 tuorum,

147 2451 321 2508 multitudo.
336 2450 472 2508 Nobilem
488 2451 568 2508 hunc
588 2452 686 2526 itaque
705 2469 869 2522 censemus,
889 2470 1074 2526 quocumque
1092 2465 1175 2510 natus
1193 2466 1224 2514 et

147 2555 249 2619 pastus
260 2543 291 2598 in
302 2561 373 2620 agro
384 2542 437 2614 sit,
452 2543 518 2618 qui,
540 2543 683 2600 celeritate
694 2541 801 2618 pedum
815 2542 886 2598 alios
898 2552 1095 2614 antevertens,
1111 2545 1223 2620 primus

146 2634 282 2692 omnium
289 2635 522 2709 pulverulentum
530 2635 639 2711 nngrrla
649 2643 769 2691 sonante
779 2652 912 2708 campum
921 2633 1023 2708 quatit.
1034 2635 1142 2691 Contra
1151 2655 1222 2693 vero

30 2763 33 2770 .
147 2725 263 2805 posteri
282 2736 311 2782 et
327 2737 448 2800 nepotes
466 2745 546 2801 equae
564 2725 642 2783 illins
653 2725 836 2784 nobilissimae
854 2725 1002 2801 Corythae,
1020 2726 1091 2782 item
1105 2727 1223 2804 Hirpini

147 2817 219 2894 eqni
230 2817 432 2889 laudatissimi,
446 2836 512 2874 cum
521 2817 661 2894 gregariis
670 2817 751 2893 equis
761 2817 942 2886 tenduntnr,
956 2817 982 2873 si
992 2836 1059 2874 raro
1070 2817 1223 2876 victoriam

146 2909 311 2970 retulerint.
332 2913 425 2969 Nemo
441 2910 558 2985 respicit
577 2909 695 2966 illorum
714 2908 852 2984 majores3
873 2927 959 2966 nemo
977 2909 1033 2966 illis
1051 2903 1091 2968 ob
1106 2913 1220 2969 nobiles

147 3013 303 3078 parentum
314 3003 431 3060 umbras
440 3013 469 3060 et
478 3021 576 3059 manes
587 3001 680 3058 lavet:
694 3000 747 3056 vili
758 3001 853 3075 pretio
864 2999 976 3056 venditi
986 3000 1024 3057 ad
1033 3020 1125 3058 novos
1134 3003 1220 3060 beros
1317 3045 1319 3050 -

146 3093 271 3151 transire
291 3104 454 3170 coguntur,
473 3093 585 3171 ignavae
605 3111 763 3170 segnesque
783 3092 926 3169 pecudes,
945 3101 975 3149 et
992 3093 1090 3149 attrita
1108 3096 1220 3154 cervice

146 3205 268 3262 operam
283 3185 431 3242 trahendis
447 3186 595 3261 plaustris,
613 3196 663 3241 ant
677 3184 825 3241 versandae
843 3185 965 3259 Nepotis
985 3185 1086 3256 molae,
1103 3199 1220 3245 navant.

146 3277 179 3336 si
190 3277 236 3334 ris
246 3277 338 3354 igitur
350 3288 385 3334 ut
395 3287 424 3334 te
438 3276 602 3347 laudemus,
616 3277 783 3347 pRubelli,
798 3295 860 3333 non
873 3277 1017 3352 majorum
1030 3288 1148 3336 tuorum
1161 3301 1220 3338 no-

145 3365 289 3426 bilitatem
302 3380 332 3426 et
347 3367 463 3448 egregia
475 3368 618 3439 facinora,
634 3387 698 3444 qua
713 3379 794 3426 extra
809 3379 837 3424 te
855 3379 939 3438 sunt,
952 3368 1012 3442 jam
1027 3370 1155 3444 primum
1166 3373 1219 3428 ali-

145 3461 221 3538 quid
239 3461 324 3517 nobis
341 3460 439 3537 praebe
457 3460 538 3536 quod
559 3478 628 3518 vere
649 3472 732 3518 tuum
748 3461 856 3535 possim
872 3461 988 3532 dicere,
1009 3473 1039 3518 et
1058 3462 1219 3539 insculpere

146 3552 223 3608 saxis
237 3571 270 3608 ac
285 3551 479 3610 monumentis
492 3551 592 3609 titulos
607 3571 674 3609 suos
689 3563 718 3610 ct
731 3551 907 3610 honorificas
920 3553 1126 3628 appellationes
1140 3574 1218 3630 pre-

147 3644 323 3716 ferentibus;
337 3645 425 3716 cedo,
435 3645 569 3722 inquam,
581 3644 691 3720 aliquid
701 3645 781 3702 aliud
794 3655 899 3720 prater
910 3644 976 3702 illos
987 3646 1127 3715 honores,
1144 3666 1219 3722 qnos

147 3738 352 3808 concessimus,
373 3748 459 3812 atque
478 3737 551 3794 adeo
565 3737 691 3795 libenter
708 3738 864 3794 etiamnum
881 3738 1067 3794 concedimus
1083 3738 1141 3795 tuis
1158 3759 1217 3796 ma-

97 3847 98 3855 *
144 3828 275 3902 joribus,
299 3829 404 3905 quibus
428 3841 576 3905 acceptum
598 3831 689 3888 refers
713 3828 858 3906 quidquid
884 3828 985 3906 glorie
1007 3840 1035 3884 et
1058 3827 1217 3891 nobilitatis

148 3923 271 3980 obtines
1079 3930 1083 3936 '

190 4033 237 4085 7¹·
259 4014 316 4072 Sed
338 4015 398 4092 baec
420 4015 508 4072 modo
535 4013 679 4072 sufficiant
701 4016 738 4071 ad
757 4015 893 4088 juvenem
914 4013 1107 4085 monendum,
1129 4034 1215 4090 quem

149 4118 268 4162 narrant
290 4105 394 4164 efferre
412 4124 442 4164 se
460 4097 647 4175 insolentius,
666 4116 697 4163 ct
714 4105 834 4184 gloriari
851 4104 975 4163 Neronis
990 4105 1215 4181 propinquitate.

148 4199 208 4254 Nec
218 4199 323 4258 mirum
337 4221 344 4256 ε
360 4197 468 4276 quippe
477 4201 534 4276 illi,
549 4219 623 4278 quos
634 4198 665 4257 in
676 4199 733 4256 isto
742 4195 911 4276 graduielix
923 4196 1039 4255 fortuna
1052 4199 1218 4273 collocavit,
