3148 4990
371 447 430 512 IN
461 447 688 514 SATIRAM
716 447 934 514 PRIMAM.
1147 443 1189 522 45

113 557 179 611 ande
191 557 237 611 illa
251 561 426 628 irrupimus,
441 560 521 613 biart.
538 561 584 614 lib.
599 561 643 626 ΙΙ,
657 561 740 632 epigr.
755 561 804 626 81;
820 560 871 627 IV,
884 560 933 625 5¹,
947 579 959 612 a
971 580 979 626 3
992 559 1048 614 bsco
1057 563 1193 632 octuploms

111 643 257 696 dicebatur.
273 645 409 698 Minutam
429 657 456 699 et
467 656 579 712 arctam,
593 645 760 711 tenuiorum,
775 646 818 698 vel
833 643 888 698 duo
905 644 973 698 servi
991 645 1128 716 portabant
1139 665 1148 713 ;
1159 646 1194 699 de

113 747 166 799 qno
183 727 247 782 vide
268 729 317 782 lib.
338 729 395 794 IX,
420 735 468 792 ¹4²
493 749 547 800 seq.
572 729 670 782 Confer
692 730 765 802 Lips.
784 731 897 784 Elector.
915 731 961 782 lib.
976 731 1007 796 1,
1023 750 1081 803 cap.
1101 749 1151 799 19,
1167 741 1194 784 et

115 809 239 884 Boltigcri
253 811 380 864 Sabinam
397 831 457 884 cap.
478 813 509 878 8,
532 831 592 884 pag.
612 817 679 881 427,
697 811 766 878 428,
780 810 831 874 443
845 831 900 884 seq.
915 812 1035 866 editionis
1048 814 1148 885 prime.

148 956 214 1003 Vax.
236 957 281 1004 65.
296 958 332 1004 Et
343 957 430 1019 nuda,
448 957 488 1005 15.

149 1044 220 1098 Noe.
248 1047 293 1100 65.
316 1051 379 1099 Hinc
396 1061 470 1116 atque
489 1051 545 1098 inde
562 1061 651 1116 patens
664 1085 761 1100 .....
785 1049 910 1115 signator,
937 1048 1044 1119 proprie
1068 1049 1129 1102 sella
1152 1052 1195 1104 rel

118 1131 223 1198 lectica,
245 1133 373 1204 qnoniam
389 1146 479 1205 aperte
496 1145 550 1198 est,
568 1151 622 1185 non
643 1142 718 1184 tecta.
739 1131 905 1186 Britannicus
925 1131 1077 1200 hominem,
1097 1136 1144 1206 qui
1162 1138 1196 1188 ab

118 1227 229 1286 utraque
241 1228 319 1287 parte
327 1217 445 1288 conspici
456 1216 556 1288 possit,
570 1231 652 1286 quum
665 1214 736 1268 solus
748 1213 782 1267 sit
794 1214 821 1264 in
834 1213 941 1282 lectica,
953 1213 1100 1287 designari,
1115 1216 1197 1290 idque

119 1292 222 1346 delicati
239 1313 298 1348 esse
316 1307 341 1348 et
358 1295 503 1361 luxuriosi,
521 1293 637 1366 putabat.
656 1323 693 1334 --
713 1293 848 1352 cathedra,
867 1305 896 1344 ut
915 1285 1049 1364 καθέδρα,
1070 1294 1122 1348 boc
1137 1297 1197 1350 loeo

120 1376 229 1448 simplex
242 1378 305 1430 sella
318 1418 326 1442 ,
340 1389 365 1432 et
379 1376 569 1442 delicatorum
582 1393 642 1428 uam
658 1375 766 1447 proprie
778 1375 840 1428 sella
855 1387 909 1428 erat
923 1376 1081 1443 mulierum,
1098 1390 1124 1431 et
1136 1380 1197 1452 qui·

121 1453 178 1507 dem
198 1455 343 1509 sublimior
362 1456 478 1528 (species
499 1447 603 1528 Spirae,
624 1472 682 1526 quse
695 1445 791 1526 δῖφμξ
804 1453 901 1507 dicitnr
914 1454 1027 1510 Theocr.
1043 1455 1125 1524 XIV,
1144 1455 1199 1524 39,

121 1539 165 1591 nbi
176 1537 241 1592 vide
255 1539 392 1608 scholia),
411 1539 437 1592 in
452 1558 504 1611 qua
517 1537 641 1592 sedebant
654 1549 679 1590 et
691 1555 879 1609 nonnunquam
894 1539 1073 1610 gestabantur,
1089 1538 1197 1592 dorsum

120 1622 277 1676 acclinantes
295 1622 386 1675 fulcris
399 1622 500 1676 affabre
513 1621 601 1684 sactis,
615 1632 640 1672 et
651 1619 758 1672 brachia
773 1619 907 1673 cubitosve
920 1633 1074 1692 reponentes
1093 1622 1120 1673 in
1139 1623 1198 1676 aliis

122 1705 228 1771 fulcris,
246 1723 307 1777 quat
325 1704 403 1757 etiam
421 1703 595 1758 scribentibus
611 1703 773 1776 pulpitorurn
791 1702 873 1754 instar
884 1715 966 1756 erant.
983 1703 1081 1756 Confer
1093 1703 1128 1757 ad
1141 1705 1198 1770 VI,

121 1787 440 1854 91;IX,Ss;Martial.
463 1787 509 1840 lib.
528 1787 587 1852 111,
605 1785 688 1856 epigr.
708 1786 760 1851 62,
779 1803 812 1854 73
831 1783 1196 1854 1v‚79;P1in.1ih.XVI‚

121 1889 178 1942 cap.
193 1868 247 1938 37,
259 1889 284 1924 s.
301 1869 352 1936 683
366 1869 510 1922 Burmann.
530 1879 555 1921 et
568 1870 697 1928 Schwabe,
718 1865 751 1919 ad
775 1866 880 1920 Phaedr.
897 1869 955 1934 111,
971 1868 1004 1934 8,
1023 1875 1054 1935 4;
1069 1869 1194 1924 Passerat.

122 1953 154 2007 ad
166 1953 289 2026 Propert.
306 1953 357 2020 IV,
371 1952 386 2006 5
395 1993 404 2019 ,
417 1951 467 2023 373
480 1951 609 2004 Schesler.
621 1949 655 2002 de
667 1969 697 2002 re
708 1948 794 2002 vehis.
810 1949 852 2016 Il,
868 1955 901 2017 4,
914 1969 974 2022 pag.
988 1953 1021 2014 64
1034 1971 1088 2024 seq.
1102 1965 1127 2006 et
1138 1954 1198 2006 Bot-

124 2038 196 2108 tiger‚
207 2037 236 2087 in
247 2036 362 2102 Sabina,
375 2055 403 2108 p.
415 2041 449 2101 4,
464 2051 514 2102 29,
531 2032 583 2100 30,
598 2036 649 2099 66,
663 2032 706 2086 ed.
720 2051 763 2104 pr.
778 2033 890 2086 Lecticis
903 2034 1024 2107 sellisque
1037 2036 1199 2092 vehebantur

123 2120 265 2172 nobiliores
279 2119 392 2172 Romani
400 2157 407 2184 ,
416 2113 526 2190 'pilentis
537 2129 563 2169 et
571 2116 701 2188 carpentis
712 2116 774 2169 sole
783 2116 901 2170 Vestales
913 2129 939 2170 et
948 2118 1079 2190 Anguste.
1092 2124 1199 2174 Lecrieas

123 2216 148 2256 et
164 2207 243 2255 sellas
256 2220 401 2275 earumque
409 2205 521 2270 pluteos,
541 2199 638 2272 quihus
658 2199 742 2270 capita
761 2199 956 2253 reclinabantur
968 2203 978 2270 (
986 2205 1008 2252 le
1025 2206 1119 2255 dossier
1130 2219 1152 2257 et
1164 2211 1198 2258 les

123 2291 215 2355 tm),
237 2299 352 2358 quatuor
364 2288 442 2354 pedes
455 2296 481 2336 et
492 2285 634 2343 semicana,
655 2301 709 2334 non
727 2302 822 2334 assem
835 2283 981 2350 immissos,
1001 2283 1099 2356 quibus
1115 2302 1198 2359 gesta·

125 2373 240 2437 bantur,
260 2389 381 2442 expressa
400 2366 462 2420 vide
478 2366 505 2418 in
522 2365 645 2437 bottigeri
665 2365 760 2419 Sabina
777 2367 820 2420 Sc.
836 2366 914 2420 VIII.
934 2367 1001 2420 Tab,
1020 2367 1084 2422 ΧΠ.
1103 2371 1198 2428 sellam

123 2459 169 2524 (la
181 2455 267 2504 elane
281 2455 299 2504 ὰ
306 2455 423 2523 portur)
441 2471 456 2503 a
467 2451 558 2504 lectica
578 2451 679 2518 (littere,
688 2449 842 2518 palanqur'rr)
855 2448 889 2500 ita
905 2448 1034 2504 diversam
1050 2451 1128 2506 luisse
1141 2474 1198 2509 sns-

125 2537 265 2609 pu'cabatur
277 2535 400 2608 Lipsius,
413 2535 432 2588 l.
447 2535 466 2587 l.
478 2574 485 2600 ,
497 2546 526 2586 nt
537 2533 582 2586 illa
595 2532 628 2585 ad
640 2531 801 2598 sedendum,
813 2531 868 2585 buc
880 2531 914 2585 ad
924 2531 1064 2606 jacendum
1076 2537 1162 2607 aptior
1174 2552 1200 2592 et
1213 2576 1217 2584 ι

127 2623 155 2672 in
172 2620 217 2672 ssla
238 2623 341 2671 emeat
356 2630 475 2685 tantum,
494 2616 528 2669 ad
543 2628 623 2691 caput
634 2613 813 2670 reclinandum
827 2618 869 2683 (v.
885 2613 919 2669 ad
930 2615 987 2682 Vt,
1001 2614 1083 2686 353),
1103 2619 1131 2671 in
1148 2620 1199 2676 hac

127 2721 190 2756 reso
203 2703 287 2756 lectus
300 2701 378 2754 luerit
386 2711 407 2754 ¹,
424 2699 498 2753 Idem
511 2711 616 2766 monet,
631 2712 690 2752 ante
703 2698 843 2752 Claudiurn
854 2697 924 2772 Imp.
936 2717 1038 2771 semper
1048 2701 1160 2770 lecticse,
1173 2718 1199 2758 et

127 2799 184 2858 post
196 2805 259 2840 eum
271 2786 429 2858 plerumque
441 2783 509 2838 selle
526 2782 685 2837 mentionem
697 2781 765 2836 fieri.

162 2901 199 2910 —
222 2873 314 2931 Neda,
335 2887 388 2922 uon
406 2880 473 2922 tecta
482 2908 490 2933 ,
510 2866 557 2921 sed
570 2879 659 2942 apertu¹
667 2887 675 2933 ;
695 2865 767 2939 quod
780 2864 809 2920 h.
823 2865 841 2919 l.
857 2865 1072 2934 concivilitatis,
1087 2881 1116 2921 ut
1128 2870 1199 2941 apud

126 2953 237 3006 Sueten.
252 2954 320 3024 Aug.
342 2971 366 3004 c.
389 2950 439 3016 53,
457 2961 484 3002 et
501 2950 554 3015 al.,
570 2947 616 3002 scd
635 2949 763 3021 superbie
779 2959 805 3001 et
823 2946 993 3020 impudentia
1010 2948 1138 3003 indicium
1150 2965 1198 3007 est.

129 3039 223 3088 Clausa
242 3039 305 3087 sella
317 3046 478 3088 memoratur
490 3033 538 3087 int.
555 3053 581 3086 v.
599 3039 657 3095 rat.
672 3031 746 3085 Sellse
764 3031 807 3084 vel
826 3031 925 3084 lecticre
943 3044 1038 3104 aperte
1052 3033 1153 3103 forma,
1171 3048 1203 3089 ut

129 3119 218 3172 verbis
236 3117 321 3189 Lipsii
338 3117 356 3170 l.
378 3117 397 3169 l.
418 3128 492 3180 utar,
511 3115 638 3187 simplex,
659 3132 756 3168 assem
775 3114 875 3186 aliquot
887 3115 1030 3187 compacti,
1048 3116 1094 3188 qui
1107 3107 1201 3192 capere

127 3201 268 3274 puleium
283 3199 425 3272 oblongum
440 3210 561 3272 possent,
575 3199 602 3251 in
615 3217 668 3270 quo
681 3198 761 3251 homo
774 3209 910 3271 porrectus
921 3201 1019 3270 jaceret
1031 3200 1082 3268 (cl.
1096 3202 1129 3255 ad
1142 3203 1199 3270 ΠΙ,

130 3283 180 3346 245
194 3295 221 3336 et
231 3283 303 3348 VH,
320 3281 385 3350 132,
399 3282 447 3335 nbi
459 3301 529 3333 asser
538 3298 587 3353 pru
600 3280 655 3353 ipsa
668 3281 789 3351 lectica),
804 3294 829 3334 et
841 3280 921 3354 pedes
933 3280 1040 3353 quidem
1052 3283 1200 3352 breviores,

129 3367 229 3439 quibus
238 3366 329 3420 lectica
339 3364 457 3438 deposita
470 3365 615 3418 insisteret:
628 3362 718 3417 eadem
731 3363 817 3416 omnia
831 3363 858 3415 in
870 3362 960 3417 lection
973 3375 1055 3431 tecta,
1067 3366 1117 3420 nisi
1127 3367 1200 3439 qnod

129 3450 187 3503 hec
195 3451 326 3520 majorum
335 3447 489 3502 deliciarum
499 3447 559 3512 fuit,
567 3457 710 3517 contraque
717 3444 869 3518 adspectum
881 3445 1019 3499 hominum
1027 3447 1083 3501 sive
1092 3449 1200 3522 injurias

130 3535 198 3586 aeris
213 3533 301 3586 clausa
313 3530 432 3604 undique
445 3551 476 3584 ac
494 3531 611 3595 munita,
625 3541 650 3582 et
669 3527 776 3601 quidem
795 3528 907 3600 pellibus
920 3539 999 3600 atque
1012 3530 1090 3596 velis,
1103 3549 1124 3584 s.
1143 3533 1200 3604 pla-

132 3617 219 3688 gulis,
231 3635 291 3688 qun
302 3615 432 3670 dimoveri
449 3626 584 3687 poterant,
598 3613 631 3667 ad
646 3615 768 3667 fenestras
780 3611 933 3683 oppansis.¹

553 3763 782 3783 mmmm

170 3877 179 3902 ¹
200 3871 291 3920 &ater
307 3867 466 3918 Wernsdorf.
481 3866 513 3914 arl
532 3865 645 3929 Calpurn.
726 3862 1199 3923 'eonfern1‚242‚ertv,21;nrak.

133 3949 183 3998 eet
195 3952 256 4011 Vll,
268 3965 315 4011 ²73
327 3949 355 3996 in
368 3949 439 3996 Poet.
453 3946 494 3994 lat.
509 3945 568 4010 min.
578 3954 596 3992 t.
607 3945 648 4004 11,
690 3943 722 3990 ad
732 3942 784 3990 Liv.
796 3943 926 4000 runt,
938 3943 967 3999 6;
978 3942 1086 4003 Ernesti,
1095 3943 1126 3991 ad
1135 3945 1198 3994 Suet.

133 4045 187 4094 pag.
200 4032 261 4088 ιὸὁς
272 4029 389 4078 Sebeffer.
401 4027 434 4074 de
448 4027 485 4072 lle
497 4023 552 4072 veh.
563 4027 603 4082 11,
616 4032 647 4082 t,
690 4021 746 4070 Tib.
762 4022 812 4081 δίῃ
824 4022 890 4084 Lips.
903 4019 976 4068 Ilicet
989 4023 1015 4080 1,
1031 4037 1074 4085 ¹9³
1087 4023 1199 4074 scheffer,

133 4126 157 4173 p·
168 4110 329 4174 75;interpp.
339 4105 438 4154 Pbaedr.
448 4103 580 4163 111‚8‚s;
593 4103 648 4150 Bot-
683 4101 723 4164 ¹de
743 4115 769 4148 re
786 4099 842 4148 veb.
858 4103 898 4160 11,
916 4109 945 4159 4,
965 4099 993 4159 5,
1011 4116 1053 4165 pp.
1072 4119 1102 4164 77
1117 4115 1141 4152 er
1154 4106 1201 4168 393

134 4191 199 4254 tigeri
211 4191 318 4247 Sabine,
329 4187 346 4235 l.
358 4187 375 4236 l.
387 4197 415 4236 et
425 4193 480 4234 not.
491 4199 541 4246 seq.
691 4182 840 4240 Gruterum,
865 4181 1021 4243 Inscriptiorr.
1045 4181 1157 4245 Cocvs,
1177 4195 1201 4230 et
