3148 4990
331 417 373 494 ss
479 417 649 482 vanna
677 419 970 485 nncmonus
1001 423 1064 488 nr
1094 424 1244 491 norm

329 528 435 579 alteram
450 542 607 596 pomorum,
624 522 694 576 unde
705 527 788 593 prima
805 537 830 578 et
844 531 951 578 sectanda
967 547 1061 584 mensa.
1077 530 1119 585 Sic
1135 545 1161 584 et
1176 525 1278 606 opella,
1293 521 1399 604 brlp

329 595 463 678 τρέτιζι,
482 603 553 676 quod
570 615 655 656 temen
671 602 704 655 ad
720 604 813 658 missus
829 606 908 660 etism
923 608 1042 661 ciborum
1060 610 1153 663 referri
1174 623 1268 682 potest.
1289 610 1399 664 Scilicet

329 701 467 763 postquem
475 687 559 760 prima
569 705 656 738 mensa
667 688 774 740 saturati
786 702 884 755 essent,
895 690 938 742 illa
949 693 1141 758 removebatur,
1152 705 1176 745 et
1184 693 1296 746 secunde
1306 711 1396 746 mensa

330 772 527 835 admovebatur,
541 789 611 836 nou,
626 782 655 822 ut
663 769 744 823 bodie
754 783 780 823 et
794 771 878 824 Servii
891 784 980 838 etate,
996 792 1079 827 novtu
1090 776 1183 828 missus
1199 775 1284 828 eidem
1299 793 1397 828 mensa

329 857 497 913 inferebatur,
512 851 558 906 sed
572 871 623 904 une
634 871 695 905 cum
708 853 789 906 missu
799 872 886 907 mensa
898 857 1053 909 mutabatur.
1067 857 1165 910 Conler
1176 858 1293 912 Atbenaei
1306 859 1322 911 l
1336 859 1396 924 tx,

330 961 354 993 c.
368 960 392 992 a.
403 939 499 991 Mense
509 949 594 990 autem
607 937 658 989 illae
668 978 676 1004 ,
685 936 813 1008 quamdiu
822 939 933 992 triclinia
944 939 1086 1002 durarunt,
1103 944 1130 994 iu
1141 944 1248 1016 longum
1263 943 1397 1015 quadrstu

329 1021 363 1076 ad
378 1022 505 1074 lectorum
520 1038 668 1073 mensuram
685 1032 759 1070 erant
770 1037 777 1072 ε
798 1033 886 1091 postea
904 1021 1023 1075 rotundo
1033 1042 1127 1076 mensu
1136 1025 1245 1078 invecto
1258 1038 1332 1088 sunt,
1347 1043 1397 1078 sen

328 1113 397 1160 orbes
403 1146 411 1169 ,
426 1124 508 1179 quum
522 1108 641 1167 stibadio,
655 1104 711 1157 sive
723 1108 833 1156 accubita
847 1109 962 1174 (sigmate
971 1107 1083 1160 Martial.
1093 1108 1136 1173 X,
1149 1111 1182 1170 48
1192 1148 1199 1174 ,
1209 1112 1225 1160 ti
1236 1132 1243 1172 ;
1253 1108 1331 1174 x1v,
1342 1112 1377 1179 87
1387 1130 1396 1174 ;

328 1193 490 1244 semirotundo
509 1189 587 1260 Apul.
603 1189 666 1240 Met.
677 1187 715 1252 V,
732 1206 791 1259 pag.
812 1191 874 1257 160)
887 1189 916 1240 in
932 1208 1009 1242 usum
1026 1188 1219 1252 inducerentur,
1237 1208 1295 1262 que
1311 1209 1396 1262 quum

328 1272 505 1328 semirotundo
517 1283 601 1324 essent
609 1310 617 1336 ,
636 1288 740 1323 neccsse
757 1283 811 1322 erat
827 1289 928 1324 mensas
943 1271 1089 1324 rotundsri.
1104 1271 1280 1324 invalescente
1288 1271 1397 1325 demum

328 1361 406 1424 luxu,
417 1375 469 1410 non
479 1355 592 1420 duobus,
603 1353 649 1406 sed
659 1353 780 1425 pluribus
789 1355 929 1430 utebantur
937 1354 1044 1420 mensis,
1054 1367 1080 1408 et
1088 1353 1228 1427 aliquando
1237 1354 1270 1407 ad
1279 1355 1397 1426 singulo·

328 1441 421 1494 missus
436 1438 658 1510 singulasmensas
668 1435 819 1500 variabant3
837 1447 862 1488 et
877 1436 919 1488 vel
935 1436 994 1489 loco
1010 1436 1103 1489 eodem
1118 1437 1297 1489 recumbentes
1313 1455 1398 1489 novos

327 1528 421 1579 missus
430 1541 583 1593 mensusque
592 1521 784 1592 exspectabant,
792 1520 834 1572 vel
847 1521 933 1573 locum
945 1533 1073 1574 mutantes
1086 1522 1144 1574 aliis
1152 1523 1246 1574 mensis
1255 1522 1397 1575 accumbe·

327 1611 407 1676 bant,
421 1607 491 1660 unde
501 1607 631 1657 ambulans
641 1623 710 1654 crena
722 1604 813 1656 festive
824 1602 923 1655 dicitur
933 1603 1064 1668 Martiali,
1078 1603 1133 1670 vt,
1148 1605 1193 1656 ubi
1207 1605 1285 1656 Annii
1301 1605 1396 1656 luxum

327 1701 414 1755 taxat,
427 1689 473 1759 qui
485 1685 603 1739 ducentis
617 1685 671 1737 lere
684 1685 779 1736 mensis
795 1685 957 1755 epulabatur.
973 1685 1070 1737 Mense
1088 1698 1190 1746 eutem,
1209 1704 1255 1738 seu
1271 1690 1340 1737 orbes
1356 1685 1397 1736 illi

327 1771 398 1846 apud
415 1771 539 1825 delicatos
556 1779 629 1822 eram
647 1767 736 1830 citrei,
756 1784 869 1838 quorum
890 1766 956 1819 adeo
973 1767 1087 1820 immane
1103 1768 1232 1839 pretium,
1255 1781 1283 1818 ut
1299 1785 1397 1819 aurum

327 1856 473 1909 vincerent:
485 1852 539 1906 vid.
547 1850 707 1913 Martialem,
717 1849 793 1912 XIV,
804 1850 837 1918 89
847 1871 855 1916 ;
864 1849 988 1903 Senecam
996 1851 1029 1904 de
1039 1851 1128 1905 Benes.
1139 1851 1207 1917 Vll,
1218 1869 1235 1918 9
1245 1873 1252 1916 ;
1262 1850 1397 1914 Plinium,

327 1937 412 2002 xm,
427 1936 474 2000 15,
491 1934 536 1986 ubi
554 1933 653 1986 confer.
666 1929 825 1984 Harduinus.
845 1933 903 1984 Jam
924 1933 974 1985 boc
994 1933 1053 1986 loco
1071 1937 1102 1984 de
1113 1947 1162 2000 tot,
1180 1945 1291 1994 notatur,
1309 1950 1396 2003 quum

327 2019 488 2073 luxuriarent
499 2017 575 2087 copia
588 2016 727 2067 citreorum
742 2033 908 2078 mensarum
922 2017 994 2074 latim
1006 2033 1059 2085 quo
1072 2015 1142 2067 enim
1156 2015 1274 2072 latiores.
1289 2032 1321 2066 eo
1331 2032 1395 2085 pre-

328 2103 444 2156 tiosiores
456 2111 544 2162 erant,
555 2094 768 2168 quandoquidem
782 2106 851 2146 tenta
863 2095 948 2147 solum
960 2109 1015 2148 erat
1026 2115 1116 2149 eurum
1128 2097 1289 2169 amplitudo,
1308 2115 1395 2168 qtaau·

327 2198 384 2238 tum
401 2183 479 2235 arbor
497 2181 551 2252 ipsa
569 2189 702 2250 pateretur
721 2193 727 2229 :
750 2190 773 2227 et
783 2181 893 2244 pulchris
900 2200 910 2238 ,·
935 2178 1099 2249 pulchriores
1123 2181 1294 2232 censebantur
1315 2181 1395 2232 orbes

326 2267 416 2330 citrei,
436 2282 489 2336 quo
506 2264 593 2335 plures
610 2259 693 2312 nodos
706 2270 731 2312 et
745 2262 858 2312 maculas
877 2260 1018 2325 heberent,
1040 2261 1094 2314 vid.
1105 2262 1244 2325 Senecam,
1258 2263 1275 2315 l.
1290 2263 1308 2314 1.
1322 2275 1348 2314 et
1360 2263 1396 2315 de

326 2353 424 2422 Tranq.
436 2366 495 2419 pag.
507 2351 566 2416 677.
579 2343 717 2397 Petronius
729 2343 789 2396 ideo
800 2343 920 2414 queritur
932 2344 960 2394 in
971 2345 1043 2396 Bello
1054 2345 1105 2398 civ.
1119 2345 1280 2398 -cinearum
1293 2363 1396 2397 mensa-

325 2454 385 2489 rum
397 2433 484 2485 Alrica
495 2441 627 2482 erutarum
640 2428 753 2480 maculas
765 2427 860 2478 mutari
874 2445 937 2478 auro
950 2426 1051 2489 viliori,
1063 2439 1088 2479 et
1098 2445 1204 2481 censum
1218 2429 1251 2480 ita
1263 2429 1372 2480 turbari.
1382 2455 1394 2476 s

327 2521 382 2574 Cur
392 2536 436 2570 eos
447 2519 514 2567 orbes
526 2523 602 2566 vocet
613 2513 762 2566 luvenalis.
779 2522 849 2582 patet
867 2529 898 2562 er
911 2511 1096 2580 superioribus.
1105 2540 1141 2550 -
1152 2515 1202 2560 «Et
1209 2525 1259 2561 tam
1270 2513 1394 2577 amiqrar's,

325 2605 376 2656 boc
388 2613 440 2664 est,
451 2617 499 2670 per
511 2596 604 2648 multas
615 2594 770 2663 elegantium
785 2593 952 2646 dominorum
963 2593 1138 2646 successiones
1151 2594 1249 2646 civitati
1261 2595 1346 2656 notis,
1364 2607 1396 2646 ut

323 2686 441 2758 loquitur
451 2680 557 2733 Seneca.
576 2682 617 2746 (A
635 2679 742 2744 Cethegis
755 2680 918 2738 descendens,
934 2674 1000 2727 Plin.
1013 2675 1064 2728 loc.
1076 2675 1119 2728 cit.
1131 2677 1176 2728 ubi
1190 2675 1243 2729 vid.
1255 2675 1394 2744 Hasd.)-

326 2774 402 2819 .Una
415 2782 517 2825 mensa,
535 2759 562 2812 id
578 2771 631 2823 est,
650 2777 683 2810 ne
696 2759 801 2810 variatis
814 2757 921 2828 quidem
936 2757 1059 2820 orbibus,
1072 2777 1106 2810 ne
1118 2770 1168 2809 tota
1181 2757 1287 2831 quidem
1299 2777 1372 2811 eoena
1386 2797 1395 2820 ,

324 2871 358 2904 ne
371 2867 424 2902 uno
435 2843 541 2918 quidem
553 2843 648 2896 missu.
666 2839 710 2892 scd
725 2841 765 2892 vel
783 2859 834 2892 una
848 2840 930 2892 lance.
950 2840 1089 2910 Speciatim
1103 2839 1208 2892 videtur
1221 2842 1289 2911 tongi
1301 2842 1392 2912 patina

325 2933 412 2990 Clodii
425 2928 515 2999 AEsopi
528 2924 678 2988 histrionis,
691 2927 798 2996 ejusque
808 2923 871 2985 lilii,
890 2922 923 2975 de
936 2941 987 2993 que
999 2922 1053 2975 vid.
1065 2924 1133 2976 Plin.
1146 2923 1261 2989 1X,35;
1280 2925 1321 2982 X,
1338 2925 1391 2991 ὄις

324 3019 414 3070 Horat.
425 3015 477 3065 Sat.
493 3012 530 3074 11,
544 3010 594 3077 ²39
605 3027 659 3079 seq.
669 3033 679 3052 ι
689 3007 768 3058 -lta
781 3005 935 3058 Henninins.
949 3006 1055 3059 Confer.
1071 3007 1175 3078 Lipsius
1187 3006 1221 3058 de
1230 3008 1284 3060 ritu
1296 3009 1391 3060 convi-

324 3100 428 3151 viorum
440 3092 511 3166 apud
522 3093 598 3142 Rom.
611 3100 636 3141 et
649 3088 737 3158 Antiq.
749 3089 831 3140 Lectt.
844 3087 902 3148 lli,
919 3104 948 3148 1,
966 3105 995 3140 ac
1012 3085 1046 3139 de
1059 3087 1146 3139 citreis
1158 3089 1252 3140 mensis
1264 3107 1342 3160 supra
1355 3088 1390 3142 ud

324 3205 350 3237 v,
364 3181 405 3253 75.
418 3179 474 3230 Alia
485 3173 642 3248 prodigiose
653 3171 762 3223 luxurie
775 3171 906 3242 exempla,
926 3169 960 3222 ad
977 3189 1035 3243 quae
1053 3181 1128 3242 poeta
1141 3171 1270 3242 respicere
1286 3173 1390 3243 potuit,

323 3267 367 3319 alii
380 3269 533 3318 metnorunt.
545 3269 552 3292 ¹

359 3413 424 3457 Van.
446 3409 502 3468 139.
516 3405 589 3451 Ferat
600 3401 720 3468 proferet
732 3399 813 3463 recepi
833 3417 864 3447 ex
880 3415 925 3459 ro,
945 3401 1059 3461 15-17,
1077 3417 1122 3464 19,
1141 3416 1188 3458 so,
1207 3417 1257 3458 an,
1273 3417 1322 3459 ας,
1338 3402 1389 3460 28,

326 3493 444 3550 45-50,
457 3491 502 3543 ⁵4,
516 3487 564 3544 55,
576 3486 624 3546 59,
640 3486 689 3540 60,
703 3483 752 3540 64,
766 3483 815 3542 65,
829 3493 852 3530 ct
865 3481 918 3529 cod.
931 3482 978 3528 viri
991 3482 1057 3530 docti
1067 3483 1096 3529 in
1107 3482 1209 3530 Miscell.
1220 3483 1323 3532 Obserr.
1334 3485 1389 3531 crit.

325 3573 545 3633 rot;V,T.11,p.
558 3567 616 3626 267.
635 3591 670 3601 -
687 3566 758 3627 Ipsus
767 3599 776 3622 ,
792 3582 833 3613 nu.

358 3667 426 3717 Nor.
450 3663 507 3727 ¹39·
526 3661 614 3709 Nullus
624 3659 679 3725 jam
692 3660 816 3724 pamss'tns
831 3660 889 3720 err't,
905 3657 950 3730 qni
970 3656 1149 3708 oblectationis
1162 3673 1251 3708 caussa
1264 3656 1388 3709 convivio

324 3747 485 3808 adhibeatur,
496 3742 518 3793 si
529 3739 622 3792 divites
633 3757 711 3810 porto
723 3738 770 3790 soli
781 3741 947 3792 coenaverint.

739 3869 974 3906 mm!

326 4019 328 4022 .
364 3989 371 4013 ¹
388 3981 450 4028 Plut.
467 3976 559 4024 Lucull.
579 3992 633 4039 pag.
646 3976 708 4032 318,
726 3977 793 4036 319,
809 3985 833 4021 et
877 3973 1347 4039 absumpsit,dsqnnv.etMecmb.Sat.
1355 3979 1389 4022 11.

263 4083 270 4094 ¹
326 4058 463 4116 Automv,
476 4073 501 4120 p.
523 4065 583 4116 149;
597 4055 659 4100 Plin.
674 4051 834 4116 1x‚35(de
881 4053 1388 4118 13),Suet.Cslig.37,etinpri1nisVi·

324 4141 463 4202 OEeoputra,
479 4151 532 4196 quae
544 4150 593 4182 unu
606 4134 834 4182 consecutiestis.
878 4134 926 4180 tell.
940 4136 985 4194 13,
996 4134 1092 4197 aliique.
