3108 4986
473 415 661 480 sarran
691 414 913 497 Quaeri.
1168 415 1230 501 239

152 529 191 594 ln
207 526 326 598 laevam
345 554 549 619 conversus3
566 547 600 602 at
616 531 664 602 illi
680 532 796 603 dextra
808 532 943 625 jacebat
1180 561 1229 594 ¹²0

156 634 275 706 Bellua
293 639 352 707 Sic
368 663 500 735 pugnas
516 639 630 710 Cilicis
647 639 816 727 laudabat,
832 656 868 710 et
883 642 984 725 ictus,

157 747 197 814 Et
211 769 350 842 pegma,
368 764 404 818 et
419 773 543 843 pueros
560 748 639 818 inde
655 749 698 819 ad
712 749 834 820 velaria
851 764 975 844 raptos.
1052 785 1056 790 ·

203 857 283 924 Non
300 857 395 928 cedit
409 861 571 946 Veiento,
587 859 664 944 sed,
681 873 719 928 ut
734 858 917 944 fanaticus,
933 873 1035 930 oestro

158 965 355 1054 Percussus,
372 968 526 1053 Bellona,
543 983 602 1040 tuo
617 969 763 1057 divinat,
780 984 830 1058 et,
846 972 995 1066 tingens

157 1075 264 1144 Omen
282 1077 403 1165 habes,
423 1080 549 1174 inquit,
565 1081 678 1174 magni
696 1078 844 1174 clarique
862 1079 1043 1174 triumphi:
1183 1087 1229 1140 ηδ’

158 1187 285 1280 Regem
302 1187 449 1283 aliquem
466 1191 595 1283 capies,
611 1204 669 1262 aut
685 1191 727 1260 de
743 1206 878 1262 temone
895 1192 1059 1262 Britanno

156 1295 297 1366 Excidet
311 1300 496 1394 Aruiragus
513 1326 521 1368 :
539 1301 720 1394 peregrina
734 1314 784 1368 est
800 1299 912 1372 bellua
926 1325 935 1370 :
949 1299 1060 1370 cernis

157 1405 293 1474 Erectus
310 1408 346 1474 in
361 1421 457 1502 terga
472 1408 618 1484 sudesi»
633 1413 709 1482 Hoc
725 1407 834 1480 deluit
848 1433 954 1480 unum

157 1514 328 1600 Fabricio,
345 1516 485 1608 patriam
503 1533 541 1584 ut
556 1519 691 1586 rhombi
706 1532 909 1586 memoraret
925 1531 959 1585 et
974 1539 1091 1586 annos.

202 1625 400 1713 «Quidnam
417 1627 520 1720 igitur
536 1623 672 1696 censes?
687 1625 900 1698 conciditur?
915 1627 1012 1698 Absit
1026 1625 1070 1693 ab
1087 1623 1143 1694 illo
1181 1637 1229 1690 ι3ο

156 1731 311 1802 Dedecus
328 1733 411 1820 hoc,
428 1736 612 1804 Montanus
628 1735 674 1803 ait
690 1760 699 1804 ε
717 1749 802 1805 testa
818 1733 883 1804 alta
899 1749 1051 1829 paretur,

52 1923 55 1926 .
156 1840 238 1928 Quae
254 1843 350 1911 tenui
367 1869 465 1912 muro
481 1845 665 1937 spatiosum
682 1842 818 1938 colligat
832 1844 961 1914 orbem.

156 1951 309 2019 Debetur
324 1976 465 2048 magnus
481 1955 605 2047 patina
620 1953 817 2048 subitusque
833 1954 1066 2024 Prometheus.

156 2059 320 2155 Argillam
337 2076 437 2157 atque
454 2077 561 2134 rotam
576 2065 675 2136 citius
692 2078 889 2158 properate;
906 2062 965 2131 sed
981 2086 1022 2136 ex
1037 2062 1103 2132 hoc

155 2221 324 2296 suppliciter
338 2234 474 2298 protensa
489 2223 618 2297 jactaret.
642 2224 725 2280 Unus
745 2244 804 2298 prae
820 2224 921 2282 ceteris
935 2224 1091 2280 rhombum
1109 2225 1228 2280 miratus

156 2325 211 2384 eat,
228 2335 318 2390 quem
330 2335 347 2372 a
359 2317 460 2374 dextra
471 2327 555 2390 parte
567 2317 708 2391 positum,
725 2317 787 2391 ipse
797 2317 834 2373 ad
844 2317 987 2372 sinistram
998 2333 1029 2372 se
1041 2327 1229 2385 convertens,

156 2405 275 2464 mirifice
299 2408 442 2464 laudabat.
465 2409 549 2465 Haud
566 2409 650 2466 aliter
664 2419 822 2466 cenantem
838 2408 955 2464 Cilicem
973 2407 1059 2463 illum
1073 2407 1228 2464 celeberri-

156 2517 233 2556 mum
251 2501 441 2576 gladiatorem
457 2500 589 2557 laudibus
602 2501 639 2557 ad
654 2500 754 2556 eaelum
771 2500 927 2570 efferebat,
941 2501 1117 2574 vulneraque
1128 2500 1165 2555 ab
1177 2500 1228 2556 illo

157 2591 327 2648 adversariis
345 2591 469 2663 inllicta,
485 2604 513 2649 et
530 2603 678 2669 pegmata,
695 2603 724 2650 et
742 2611 848 2668 pueros
864 2611 899 2647 ex
918 2591 952 2648 iis
971 2592 1008 2649 ad
1024 2594 1101 2657 vela,
1123 2593 1230 2666 quibus

157 2683 302 2740 theatrum
313 2703 436 2759 superne
447 2685 610 2761 tegebatur,
621 2685 749 2741 sublatos
759 2684 940 2759 predicabat.

197 2778 264 2834 1²3.
287 2779 387 2836 Nihilo
402 2777 520 2854 segnior
533 2787 576 2834 est
598 2779 744 2835 Fabricius
763 2777 886 2834 Veiento
909 2777 939 2832 in
963 2776 1107 2833 laudando
1129 2778 1227 2851 pisce;

156 2869 245 2942 quin,
262 2881 398 2945 tanquam
411 2869 547 2926 fanaticus
562 2869 664 2945 aliquia
678 2865 802 2926 bellonae
816 2869 938 2926 stimulis
950 2871 1089 2945 agitatus,
1105 2870 1230 2926 hariola-

157 2969 222 3031 ω,
239 2973 287 3033 et,
304 2965 395 3019 «Haec
410 2963 505 3020 bellna
517 2962 586 3032 tibi,
602 2982 621 3019 o
633 2964 806 3038 imperator,
819 2962 931 3035 inquit,
944 2962 1086 3037 insignem
1102 2961 1227 3035 aliquem

158 3053 337 3130 uiuxupbum
356 3055 514 3130 portendit.
535 3057 597 3110 Rex
618 3055 721 3129 aliquis
738 3073 753 3109 a
773 3066 801 3110 te
816 3054 961 3128 capietur,
979 3064 1057 3108 ante
1073 3052 1146 3108 solio
1163 3053 1228 3108 Bri-

158 3147 261 3202 tanniae
278 3147 482 3204 deturbabitur
500 3148 674 3223 Arvimgus3
696 3146 783 3220 idque
801 3165 836 3201 ex
851 3163 887 3202 eo
899 3144 1003 3217 conjici
1020 3143 1102 3202 facile
1115 3155 1226 3220 potest,

157 3240 236 3312 qood
250 3241 312 3296 haec
324 3241 418 3297 bellua
432 3259 466 3296 ex
480 3239 574 3314 aliquo
589 3239 747 3314 longinqua
763 3239 882 3313 regione
894 3237 1012 3292 advecta
1026 3237 1062 3292 sit
1077 3258 1083 3292 :
1103 3237 1184 3294 vides
1194 3250 1227 3294 ut

157 3341 271 3408 tergum
284 3332 327 3388 illi
340 3331 466 3407 squamis
484 3331 585 3386 erectis
602 3349 635 3388 ac
653 3330 749 3404 pinnis
766 3329 988 3384 inhorrescatla
1006 3329 1086 3384 Nihil
1103 3328 1227 3386 restabat

157 3424 236 3498 quod
254 3424 290 3480 iis
305 3424 426 3481 adderet
442 3423 580 3492 Veiento,
603 3423 658 3478 nisi
675 3433 708 3478 ut
724 3421 845 3496 patriam
863 3421 995 3490 rhombi,
1013 3432 1043 3475 et
1061 3430 1134 3494 quot
1155 3431 1227 3476 esset

156 3534 244 3571 annos
265 3527 367 3586 natus,
386 3527 552 3590 exponeret.

198 3607 271 3663 rio.¹
287 3607 392 3676 «Quid
399 3605 490 3684 igitur
497 3607 658 3663 iaciendum
668 3606 704 3662 de
713 3605 854 3681 istopisce
864 3623 973 3674 censes,
982 3603 1097 3676 subjicit
1105 3603 1228 3677 impera-

158 3699 223 3755 tori
237 3716 312 3756 mam
326 3700 356 3754 in
369 3697 459 3756 {rosta
475 3699 709 3755 comminuetur?
719 3725 732 3750 ι
751 3700 805 3754 Cui
814 3699 983 3769 Montanus,
999 3697 1102 3766 «Noti,
1114 3697 1226 3771 inquit,

156 3793 235 3848 illum
252 3794 308 3848 hae
321 3789 436 3849 afficere
451 3791 609 3868 ignominia
629 3813 635 3846 ε
659 3791 816 3847 labricetur
835 3791 936 3868 ingens
954 3811 1004 3847 ras
1024 3789 1127 3860 fictile,
1146 3790 1226 3864 quod

155 3885 243 3942 latera
263 3885 296 3942 in
315 3886 415 3942 orbem
431 3895 568 3959 tanquam
583 3901 682 3940 muros
697 3895 797 3940 teones
810 3895 962 3958 vastosque
975 3880 1131 3958 protendat
1149 3901 1156 3936 r
1175 3882 1226 3937 aed

153 3977 337 4034 adhibendus
357 3988 399 4033 est
423 3975 460 4032 ad
479 3975 680 4032 exstruendam
699 3976 841 4050 ejusmodi
859 3975 984 4050 patinam
1001 3975 1091 4030 solers
1108 3984 1137 4028 et
1158 3972 1225 4030 dili·

154 4087 238 4143 geua,
251 4070 328 4125 nibil
342 4069 514 4125 Prometheo
526 4069 618 4126 veteri
630 4069 733 4126 cedens
740 4111 749 4140 ‚
760 4069 873 4144 figulus.
891 4069 991 4145 Agite3
1006 4077 1144 4142 parentur
1154 4085 1224 4124 con-

155 4159 247 4216 festim
270 4161 372 4236 argilla
393 4171 422 4216 et
442 4173 522 4230 rota,
547 4173 575 4217 et
595 4161 730 4236 deinceps
751 4159 833 4238 figuli
854 4162 924 4232 tuis,
946 4161 1053 4228 Cesar,
1077 4161 1225 4215 incastris
