3134 4990
469 517 657 584 sartha
678 518 913 586 SEPTIMA.
1124 559 1127 566 ·
1160 515 1224 597 tls

153 623 308 722 Respicit
319 627 391 698 haec
404 629 571 725 primum,
585 631 645 726 qui
659 630 783 728 litigat,
797 659 840 703 an
854 635 914 704 tibi
928 635 1016 704 servi

151 733 257 822 Octo,
277 737 395 808 decem
410 740 567 828 comites,
581 765 625 811 an
642 758 719 837 post
735 758 770 814 te
788 742 884 829 sella,
900 744 1006 840 togati

152 845 243 913 Ante
262 846 376 941 pedes.
393 847 477 918 Ideo
494 850 801 920 conductaPaulus
814 852 933 946 agebat

152 953 388 1050 sardonyche,
402 972 504 1054 atque
519 959 598 1030 ideo
613 958 737 1055 pluris,
754 985 856 1054 quam
872 964 996 1032 Cossus
1013 960 1148 1056 agebat,

153 1061 266 1152 Quam
280 1065 430 1138 Basilus:
450 1093 525 1139 rara
539 1070 576 1138 iu
591 1070 687 1139 tenui
700 1069 860 1140 facundia
873 1095 997 1166 panno.
1175 1079 1222 1144 ¹4⁵

153 1172 300 1262 Quando
316 1175 396 1248 licet
410 1177 520 1250 Basilo
535 1179 674 1250 llentem
688 1180 876 1276 producere
890 1179 1056 1250 matrem?

153 1282 239 1370 Quis
253 1285 342 1355 bene
356 1286 526 1358 dicentem
540 1288 686 1358 Basilum
701 1287 809 1359 serati
825 1290 981 1386 Accipiat
997 1303 1030 1358 te

153 1390 277 1482 Gallia,
290 1391 346 1466 vel
360 1397 474 1491 potius
490 1396 662 1468 nutricula
676 1398 939 1470 caussidicorum

152 1499 282 1590 Africa,
299 1503 327 1572 si
343 1503 469 1600 placuit
484 1505 677 1578 mercedem
692 1530 822 1603 ponere
838 1505 972 1602 linguae.
1074 1555 1078 1564 ,

200 1609 399 1683 Declamare
415 1615 539 1686 doces?
550 1641 575 1686 o
585 1615 698 1687 ferrea
713 1631 852 1712 pectora
861 1617 977 1703 Vecti,
1176 1627 1225 1681 ¹⁵⁰

152 1719 268 1808 Quum
282 1722 420 1816 perimit
434 1747 541 1794 saevos
557 1723 670 1796 classis
686 1750 868 1796 numerosa
882 1723 1061 1822 tyrannos!

153 1830 243 1898 Nam
258 1854 482 1929 quaecumque
493 1832 616 1904 sedens
631 1836 734 1906 modo
751 1835 897 1930 legerat,
912 1837 987 1907 haec
1003 1835 1121 1905 eadem
1134 1849 1225 1905 stans

153 1939 327 2030 Proferet,
346 1956 448 2036 atque
466 1943 584 2012 eadem
600 1945 748 2014 cantabit
763 1944 915 2014 versibus
933 1943 1056 2015 isdem.

152 2049 289 2119 Occidit
302 2051 444 2120 miseros
459 2053 595 2122 crambe
609 2054 754 2148 repetita
768 2053 958 2148 magistros.

151 2196 210 2255 uisi
223 2199 330 2258 micare
343 2199 376 2257 in
390 2196 455 2275 ejus
467 2199 560 2278 digito
575 2204 715 2260 auuulum
729 2201 931 2280 praegrandem
946 2201 1068 2260 videret.
1084 2198 1226 2276 litigator

153 2289 207 2375 qui
225 2303 382 2367 patronum
401 2293 523 2367 quaerit,
542 2294 670 2369 primum
690 2295 820 2352 omnium
839 2295 912 2351 illud
931 2292 1063 2369 inspicit,
1083 2310 1154 2349 num
1170 2288 1226 2347 tibi

152 2383 231 2440 servi
244 2383 345 2441 saltem
358 2393 425 2442 octo
436 2385 508 2455 sint,
520 2387 633 2444 auecta
643 2386 762 2458 decem
776 2405 847 2445 num
859 2397 888 2444 te
898 2386 1092 2458 subsequatur
1106 2383 1225 2454 lectica,

152 2493 224 2532 uum
240 2476 404 2550 praecedant
421 2486 491 2534 aute
510 2476 680 2536 ambulones
700 2491 769 2554 toga
789 2477 893 2535 induti.
912 2473 1002 2550 Quod
1018 2494 1110 2551 quum
1130 2475 1225 2550 probe

153 2567 328 2642 intelligeret
350 2569 473 2640 huius,
494 2568 633 2646 gerebat,
656 2569 771 2646 quoties
790 2569 881 2626 rerba
902 2569 1027 2638 laceret,
1047 2567 1224 2625 conductum

152 2657 295 2715 annulum
310 2659 458 2734 praestanti
475 2660 661 2737 sardonyche
677 2660 834 2736 insignem,
853 2673 883 2718 et
899 2659 1008 2717 idcirco
1024 2659 1113 2734 longe
1131 2657 1225 2731 majus

153 2747 192 2805 ab
201 2746 260 2806 suis
270 2748 423 2807 clientibus
434 2749 610 2826 stipendium
620 2751 796 2828 accipiebat,
810 2771 898 2827 quam
910 2752 1030 2824 Cossus,
1045 2767 1133 2824 quam
1143 2749 1224 2806 Rasi-

153 2844 207 2902 tua.
223 2843 271 2902 Sic
285 2854 342 2901 est:
353 2862 421 2901 raro
435 2845 576 2923 eloquens
591 2847 784 2917 existimatur,
799 2847 850 2922 qui
864 2858 979 2905 tenuem
992 2863 1123 2921 pannum
1136 2845 1224 2921 gerit.

154 2934 349 3005 Quandonam
367 2936 464 2993 Basilo
480 2937 607 3011 majores
623 2937 678 2996 illae
696 2957 802 2996 mussa
817 2937 1051 3008 committuntur,
1068 2935 1099 2991 iu
1116 2934 1225 3010 quibus

116 3081 122 3087 .
153 3039 248 3085 mater
260 3027 436 3104 producitur
451 3021 483 3084 iri
495 3029 645 3102 medium,
660 3031 777 3108 perlusa
789 3029 926 3105 lacrymis
939 3026 979 3084 ad
992 3027 1166 3084 movendam
1175 3025 1224 3101 ju-

152 3120 254 3178 dicum
270 3119 505 3180 miserationem?
522 3124 617 3180 Immo
634 3123 701 3198 quis
716 3123 816 3193 illum,
834 3122 888 3179 etsi
906 3119 1058 3178 commode
1077 3138 1223 3196 peroran-

154 3224 230 3284 tem,
251 3213 341 3288 aequis
358 3213 482 3270 auribus
500 3213 602 3270 audire
620 3215 734 3290 potest?
750 3217 814 3291 Age
835 3232 924 3291 ergo,
944 3212 1044 3270 infelix
1063 3222 1178 3282 orator,
1198 3213 1224 3269 si

154 3305 229 3362 lucri
242 3304 392 3381 quidpiam
407 3303 874 3382 iacemdicendoparaa,1taliam
888 3305 1034 3380 relinque,
1050 3304 1177 3362 concede
1191 3306 1223 3362 ia

154 3396 293 3468 Galliam,
309 3398 356 3453 vel
374 3397 405 3454 iu
423 3397 570 3468 Africam,
589 3395 642 3454 ubi
662 3396 813 3455 caussidici
832 3409 969 3472 tanquam
983 3397 1062 3472 apud
1078 3398 1222 3453 nutricem

154 3488 186 3544 iu
200 3488 297 3564 pretio
311 3488 407 3546 adbuc
419 3499 449 3546 et
462 3489 577 3547 honore
588 3501 667 3548 suut.

196 3587 263 3656 ¹⁴9·
284 3583 333 3638 Tu
343 3598 449 3656 pueros
457 3580 540 3639 domi
551 3593 643 3640 artem
653 3581 848 3652 declamandi,
861 3601 879 3640 ο
891 3584 994 3640 rhetor
1004 3583 1101 3652 Vecti,
1116 3581 1220 3639 doces:

154 3690 247 3746 quum
262 3673 350 3747 plena
362 3671 571 3749 discipulorum
585 3674 684 3730 schola
699 3683 803 3732 uastat
815 3672 916 3732 lictum
929 3673 1050 3750 aliquod
1067 3691 1222 3748 argumen-

154 3777 228 3836 tum,
241 3765 325 3823 aerbi
337 3764 442 3843 gratia,
454 3765 492 3823 dc
506 3765 637 3842 tyrannis
651 3765 872 3824 interficiendis:
888 3785 931 3822 nse
944 3778 1043 3841 pectus
1055 3764 1150 3821 Vectii
1161 3783 1223 3824 essa

154 3860 282 3917 ferreum
297 3871 428 3934 oportet,
442 3859 494 3934 qui
507 3871 590 3916 tauto
603 3857 699 3918 labori
711 3878 765 3936 par
778 3875 839 3916 esse
852 3859 964 3932 possiti
984 3856 1132 3932 quidquid
1145 3857 1222 3914 euim

155 3949 303 4025 discipulis
312 3951 371 4008 suia
382 3950 472 4008 modo
483 3949 585 4008 sedens
595 3951 735 4029 perlegit,
747 3953 805 4008 boe
815 3949 894 4007 idem
907 3949 1010 4010 recitat
1019 3948 1050 4004 in
1061 3947 1152 4022 pedes
1161 3967 1224 4008 ere-

155 4053 232 4112 ctus,
251 4053 281 4100 et
298 4041 420 4100 totidem
432 4041 530 4101 verbis
548 4040 659 4101 recinit.
680 4045 748 4101 Hac
763 4043 812 4100 illa
831 4042 970 4099 nimirum
990 4041 1160 4098 earumdem
1175 4060 1223 4099 re-

155 4155 221 4191 rum
232 4145 262 4192 et
276 4134 468 4208 scriptionum
482 4133 617 4209 repetitio
630 4135 752 4193 miseros
765 4143 972 4210 preceptores,
988 4145 1021 4192 ut
1034 4133 1159 4192 brassica
1173 4156 1224 4194 sae-

155 4227 221 4304 pius
240 4228 375 4304 apposita
391 4228 544 4301 convivas,
565 4225 650 4288 taedio
670 4238 700 4285 et
717 4228 849 4286 molestis
867 4238 975 4284 enecat.
997 4228 1090 4286 Neruo
1111 4229 1224 4303 estqui
