3130 4986
338 467 400 532 130
484 457 654 525 VARIAE
683 447 978 522 LECTIONES
1009 443 1073 509 ET
1104 441 1257 509 NOTAE

335 584 411 633 baetis
427 589 493 642 scuta
510 577 651 641 galeamque
667 566 825 622 concutiendi
846 569 873 616 in
888 568 933 614 im.
949 565 1016 612 Hinc
1033 559 1122 610 levlori
1140 561 1274 610 mutatione
1292 559 1407 608 l‘latbner

335 667 400 726 conj.
410 679 454 711 nec
458 673 572 727 pomam
581 655 679 722 cuspide
682 655 778 724 pulsas.
786 653 847 702 Non
856 650 931 699 mele!
944 647 992 696 Sed
1001 661 1047 694 nec
1055 643 1152 708 vulgata
1161 643 1235 692 lectio
1243 643 1389 710 spernenda.

333 809 334 812 ,
370 751 439 804 Nor.
462 748 520 802 130.
540 743 602 798 lloec
618 734 702 799 druis
713 741 783 800 dicta
794 756 844 812 pro
856 755 862 790 :
876 753 924 789 nec
939 733 1076 797 irasceris,
1088 749 1139 783 nec
1155 731 1192 782 ira
1204 731 1279 785 ardes
1289 731 1301 784 i
1311 729 1409 784 Confer

336 836 420 897 XIII,
437 833 484 885 113
494 849 548 902 seq.
560 827 651 901 ibique
660 829 759 879 notam.
768 823 880 874 -lllars
890 819 970 872 iratus
982 827 1084 886 quassat
1090 816 1190 881 galeam
1200 815 1240 884 (nt
1251 814 1323 888 apud
1329 813 1405 884 Virg.

336 916 441 972 AEneid.
452 915 524 978 vll,
545 929 612 978 ²9²3
632 910 722 962 Valer.
743 908 828 959 Flacc.
843 905 858 955 I
868 944 875 969 ‚
895 903 962 967 5283
982 898 1053 964 VII,
1075 902 1137 966 577,
1153 898 1206 968 al.)
1222 909 1249 951 et
1263 908 1361 969 caput,
1379 906 1410 946 nt

334 989 486 1064 'Eros-&Sus
500 985 601 1051 urticat
613 982 693 1061 stips,
705 986 776 1058 apud
785 985 930 1037 Homerum
940 1021 948 1047 ,
960 979 1055 1052 Odysa.
1066 1001 1076 1035 s
1088 1020 1096 1048 ,
1108 976 1168 1036 2⁸5.

370 1096 439 1147 Nor.
451 1091 511 1144 131.
520 1093 571 1140 Nec
579 1087 683 1156 quereris
689 1084 762 1136 Patri
767 1094 830 1146 tuo,
840 1079 912 1144 tovi,
921 1077 1057 1130 mollitiem
1067 1096 1097 1130 ao
1105 1077 1202 1131 acclera
1212 1076 1408 1133 Romanorum,

336 1179 378 1232 vel
392 1176 426 1229 de
437 1175 470 1227 iis
483 1170 554 1246 apud
565 1181 665 1242 patrem
675 1180 751 1220 tuum
758 1165 770 1218 i
778 1165 889 1216 Martem
899 1162 956 1214 siue
964 1171 1039 1231 patre
1049 1160 1145 1226 luisse,
1156 1175 1208 1209 non
1217 1155 1268 1208 uisi
1276 1155 1410 1206 Romano·

335 1280 396 1314 rum
411 1270 547 1332 poetarum
561 1262 738 1306 commentum
756 1259 802 1300 est.
823 1246 930 1299 Summa
944 1260 1008 1296 vero
1025 1243 1064 1295 vis
1081 1239 1267 1312 indignationis
1284 1237 1311 1290 in
1327 1236 1369 1288 bia
1384 1245 1410 1288 et

336 1343 444 1415 reliquis
453 1338 557 1402 verbim
572 1333 646 1408 qimai
660 1331 732 1384 Mars
746 1331 802 1402 ipse
812 1328 890 1380 talem
900 1325 1071 1398 ignominiam
1084 1341 1240 1394 morumque
1254 1320 1410 1394 pravitatem

337 1425 428 1480 ulcisci
438 1411 589 1476 etavcrterc
599 1425 722 1488 nequeat.

372 1521 456 1572 Auta.
480 1515 547 1580 131,
563 1512 621 1566 132.
634 1510 732 1564 Curam
743 1505 844 1577 gentis,
860 1505 934 1574 cujus
948 1514 1093 1568 auctores,
1110 1514 1136 1554 et
1149 1517 1229 1572 quam
1244 1510 1273 1548 tu
1288 1497 1413 1564 negligere

337 1605 453 1670 sideris,
469 1601 514 1654 alii
526 1602 643 1654 Deorum
656 1591 793 1666 permitte!
812 1589 909 1644 confer
922 1587 1080 1652 Horatium,
1095 1585 1148 1640 Od.
1164 1587 1195 1651 1,
1212 1605 1245 1650 a,
1259 1583 1292 1636 35
1303 1623 1311 1648 ,
1322 1581 1365 1633 36.
1374 1609 1411 1622 --

341 1694 404 1741 Cede
413 1724 420 1746 ,
431 1682 537 1738 discede
551 1701 565 1734 a
574 1679 699 1747 jugantur
710 1675 791 1740 campi
794 1711 803 1733 ,
816 1692 831 1726 a
843 1689 949 1742 campo;
961 1688 1022 1722 eum
1031 1671 1161 1741 relinque.
1172 1666 1269 1720 Omnia
1277 1679 1410 1718 tammum

340 1765 526 1842 indignationis
535 1763 661 1816 aflectum
670 1759 779 1830 spirant.

375 1867 443 1918 Nor.
466 1861 524 1915 132.
537 1861 652 1926 Campum
663 1852 788 1904 Martium
800 1847 928 1920 exquisite
937 1859 1013 1920 poeta
1029 1863 1078 1917 pm
1092 1856 1144 1898 tota
1154 1843 1227 1895 Urbe
1239 1845 1348 1915 ejusque
1361 1841 1412 1892 im·

341 1949 415 2021 perio
434 1943 536 2018 posuit,
551 1937 624 2011 quod
641 1937 663 1988 is
681 1936 754 1988 locus
771 1933 850 1984 Marti
862 1931 1026 2002 potissimum
1039 1939 1203 1982 consecratus
1215 1937 1284 1989 erat,
1301 1935 1327 1976 et
1337 1923 1365 1975 in
1381 1941 1413 1976 eo

341 2029 446 2086 comitia
461 2021 654 2096 magistratibus
664 2016 801 2080 creandis,
816 2014 959 2084 legibus·et
972 2011 1079 2084 judiciis
1094 2026 1199 2082 quoque
1213 2007 1328 2080 publicis
1341 2017 1414 2057 extra

341 2113 461 2168 ordinem
477 2103 590 2160 terendis
607 2101 790 2162 habebantur3
809 2109 835 2148 et
850 2093 922 2166 quod
939 2095 967 2145 in
983 2111 1015 2145 eo
1028 2093 1124 2144 milites
1139 2090 1173 2143 ad
1187 2107 1257 2143 arma
1275 2101 1300 2141 ct
1315 2089 1413 2140 bellum

341 2194 546 2253 exercebantur,
563 2183 635 2238 unde
648 2181 701 2236 boc
717 2182 776 2233 loco
792 2197 885 2231 severus
901 2176 1010 2242 dicitur,
1030 2175 1104 2249 quod
1120 2173 1202 2245 epith.
1219 2173 1364 2244 Grangoeus
1381 2170 1415 2224 ad

343 2281 431 2350 ipsum
441 2273 555 2326 Martem
568 2265 706 2321 referebat.
767 2300 772 2312 .
864 2286 867 2301 ·

380 2385 463 2435 Ᾰω..
479 2379 534 2431 ada
548 2391 603 2446 seq.
620 2371 792 2424 satiricorum
807 2371 881 2418 more
895 2363 997 2437 aliquos
1011 2375 1119 2435 repente
1128 2363 1305 2433 colloquentes
1314 2361 1417 2415 inducit

345 2477 431 2537 poeta.
448 2491 484 2502 -
503 2459 618 2528 Officium
631 2452 755 2505 Romanis
769 2448 920 2513 dicebatur,
940 2446 1072 2519 quidquid
1090 2445 1215 2511 honoris,
1235 2458 1280 2498 aut
1293 2445 1374 2498 studii
1391 2457 1418 2496 et

345 2561 432 2618 opert
443 2583 451 2608 ‚
462 2537 631 2594 humanitatis
641 2553 671 2588 ac
681 2529 886 2598 lienc'solentiae,
897 2532 939 2584 vel
948 2531 1065 2604 patronio
1074 2546 1088 2582 a
1098 2527 1236 2582 clientibus
1246 2569 1253 2594 ,
1264 2527 1417 2592 salutando,

346 2624 501 2682 deducendo
512 2661 519 2689 ,
529 2618 653 2676 sectando
663 2658 670 2684 ,
681 2615 844 2672 occurrendo
854 2657 862 2682 ,
872 2629 939 2681 etc,
957 2615 999 2667 vel
1015 2613 1105 2665 amicis
1119 2625 1144 2664 et
1160 2612 1275 2682 cognatis
1285 2651 1294 2678 ,
1307 2611 1418 2663 solemni

347 2709 434 2778 aliqua
452 2701 605 2764 occasione,
624 2697 817 2768 significabatur
838 2708 864 2747 et
880 2693 1066 2766 praesmbatur,
1084 2683 1121 2743 u*
1132 2685 1297 2759 raa-isinana,
1313 2709 1339 2742 v.
1354 2699 1379 2742 c'.
1396 2690 1420 2742 si

348 2791 422 2862 qnia,
436 2798 466 2838 ut
477 2782 556 2836 Plinii
565 2781 653 2834 verbis
661 2779 744 2850 Epist.
755 2778 787 2843 1,
798 2795 831 2844 9,
843 2790 917 2842 utar,
928 2776 1018 2829 oflioio
1031 2789 1098 2846 togae
1107 2775 1190 2828 virilis
1203 2775 1325 2840 interest,
1339 2791 1420 2846 spon-

348 2873 411 2930 salia
420 2882 466 2924 aut
473 2866 577 2938 nuptias
587 2865 749 2934 frequentat,
760 2858 958 2932 adsignandum
968 2868 1162 2920 mmmmm,
1172 2857 1200 2907 in
1209 2855 1418 2919 advocationem,

349 2958 376 3009 in
386 2951 524 3007 consilium
534 2958 651 3018 rogatur.

386 3099 452 3144 Van.
474 3095 531 3143 133.
544 3093 575 3138 In
583 3089 653 3138 ualle
666 3086 770 3154 Quirina
782 3097 832 3143 est,
849 3102 888 3136 ιι.
899 3086 1024 3150 suspicari
1032 3086 1105 3133 etiam
1113 3085 1194 3148 possis
1203 3083 1228 3130 in
1238 3084 1299 3132 colla
1308 3082 1419 3147 Quirini,

351 3193 379 3231 ut
387 3179 452 3245 apud
463 3180 548 3226 llorat
559 3174 633 3239 Epist
646 3176 685 3230 ll,
696 3189 728 3230 a,
743 3171 792 3230 68,
806 3180 849 3217 aut
864 3169 889 3216 iu
905 3169 967 3216 eolla
985 3167 1099 3233 Quirino,
1119 3167 1167 3214 boc
1178 3179 1228 3227 est,
1240 3167 1379 3229 Quirinali,
1394 3178 1421 3214 ut

352 3263 418 3332 apud
426 3261 501 3310 Ovid.
512 3261 611 3307 Metam.
620 3257 692 3315 XIV,
706 3255 766 3302 836.
778 3253 827 3300 Sed
836 3253 942 3316 vulgaris
950 3251 1023 3300 lectio
1033 3267 1064 3300 cx
1074 3250 1176 3315 ingenio
1184 3259 1277 3314 poetas,
1287 3265 1340 3298 uon
1345 3249 1421 3300 libra·

353 3347 463 3402 riorum,
479 3343 589 3407 profecta
602 3339 707 3386 videtur.
889 3323 893 3344 '
1081 3375 1084 3382 ,

388 3438 456 3490 Nor.
478 3434 536 3487 133.
556 3434 639 3482 Primo
651 3433 716 3488 sole,
737 3446 786 3499 pro
804 3425 865 3478 solis
879 3437 947 3477 ortu.
958 3452 994 3464 -
1002 3426 1032 3472 Ia
1041 3427 1112 3474 ‘ualle
1121 3425 1230 3490 Quiriti,
1247 3423 1320 3476 collis
1329 3423 1422 3488 Quiri.

354 3523 428 3577 nalis.
441 3512 726 3583 Sicllomtius,Epist.
738 3511 783 3576 Π,
801 3529 833 3576 n,
846 3509 897 3574 68,
914 3507 948 3560 de
962 3507 1042 3559 simili
1056 3525 1086 3558 re
1096 3505 1179 3559 dixit:

752 3605 883 3653 ....Cubat
894 3604 933 3650 bio
944 3605 968 3649 in
981 3603 1042 3650 colle
1054 3601 1160 3658 Quirini,

573 3684 616 3730 llic
628 3692 734 3728 extremo
743 3681 771 3746 ¹iu
780 3679 910 3733 Avaritiam
923 3677 1034 3724 visendus
1046 3685 1153 3736 uterque.

358 3776 456 3832 Confer
464 3771 547 3824 Bentl.
560 3768 594 3820 ad
604 3767 695 3820 Horat.
705 3765 758 3818 Od‚
770 3765 798 3826 Ι,
811 3785 824 3816 a
835 3804 843 3829 ,
857 3767 900 3826 46.
911 3763 942 3812 In
952 3761 1001 3813 bac
1011 3761 1078 3813 valle
1087 3771 1142 3812 erat
1149 3760 1277 3832 porticus,
1287 3772 1312 3812 et
1317 3761 1422 3813 Romuli

358 3858 484 3930 templum
493 3894 500 3920 ,
508 3872 562 3924 quo
571 3849 761 3904 conveniebant
770 3847 891 3898 homines
898 3843 1139 3916 componendorum
1149 3845 1311 3915 negotiorum
1318 3863 1407 3897 caussa
1416 3885 1424 3906 ,

358 3953 436 4012 atque
444 3937 492 3990 ubi
500 3934 629 4008 sponsalia
642 3930 720 3986 etiam
729 3928 870 4002 aliquando
878 3929 1077 4000 peragebantur.
1088 3925 1155 3980 Acir,

397 4084 464 4130 Van.
485 4081 542 4135 134.
554 4077 646 4129 Caussa
657 4074 794 4144 estofficit',
810 4090 852 4122 aa.
869 4073 961 4120 Catum
972 4071 1051 4142 officii
1060 4083 1110 4129 est,
1126 4087 1166 4119 aa.

397 4172 465 4223 Nor.
489 4171 547 4232 134.
561 4174 629 4237 Quid
636 4172 745 4238 quoen's?
758 4168 833 4238 quasi
849 4165 876 4218 id
889 4183 942 4218 non
957 4164 1032 4218 lacile
1047 4161 1166 4216 divinare
1173 4161 1273 4235 possis,
1286 4181 1369 4234 quum
1384 4161 1425 4214 bis
