<?xml version="1.0" encoding="UTF-8"?>
<!DOCTYPE html PUBLIC "-//W3C//DTD XHTML 1.0 Transitional//EN"
    "http://www.w3.org/TR/xhtml1/DTD/xhtml1-transitional.dtd">
<html xmlns="http://www.w3.org/1999/xhtml" xml:lang="en" lang="en">
 <head>
  <title>
</title>
<meta http-equiv="Content-Type" content="text/html;charset=utf-8" />
  <meta name='ocr-system' content='tesseract 3.04.00' />
  <meta name='ocr-capabilities' content='ocr_page ocr_carea ocr_par ocr_line ocrx_word'/>
</head>
<body>
  <div class='ocr_page' id='page_1' title='image "./sexdecimsatir01lemagoog_0201.png"; bbox 0 0 3130 4986; ppageno 0'>
   <div class='ocr_carea' id='block_1_1' title="bbox 334 405 1251 480">
    <p class='ocr_par' dir='ltr' id='par_1_1' title="bbox 334 405 1251 480">
     <span class='ocr_line' id='line_1_1' title="bbox 334 405 1251 480; baseline -0.011 0"><span class='ocrx_word' id='word_1_1' title='bbox 334 416 396 480; x_wconf 90' lang='lat'><strong>180</strong></span> <span class='ocrx_word' id='word_1_2' title='bbox 482 409 653 475; x_wconf 82' lang='lat' dir='ltr'><strong>VARIAE</strong></span> <span class='ocrx_word' id='word_1_3' title='bbox 684 407 977 476; x_wconf 84' lang='lat' dir='ltr'>LECTIONES</span> <span class='ocrx_word' id='word_1_4' title='bbox 1006 411 1070 474; x_wconf 87' lang='lat' dir='ltr'><strong>ET</strong></span> <span class='ocrx_word' id='word_1_5' title='bbox 1100 405 1251 472; x_wconf 85' lang='lat' dir='ltr'>NOTAE</span> 
     </span>
    </p>
   </div>
   <div class='ocr_carea' id='block_1_2' title="bbox 326 521 1399 938">
    <p class='ocr_par' dir='ltr' id='par_1_2' title="bbox 326 521 1399 938">
     <span class='ocr_line' id='line_1_2' title="bbox 330 521 1399 598; baseline -0.011 -14"><span class='ocrx_word' id='word_1_6' title='bbox 330 528 408 584; x_wconf 78' lang='lat' dir='ltr'><strong>eant.</strong></span> <span class='ocrx_word' id='word_1_7' title='bbox 423 525 455 580; x_wconf 87' lang='lat' dir='ltr'><strong>ad</strong></span> <span class='ocrx_word' id='word_1_8' title='bbox 469 524 532 591; x_wconf 85' lang='lat' dir='ltr'><strong>XV,</strong></span> <span class='ocrx_word' id='word_1_9' title='bbox 548 541 606 578; x_wconf 89' lang='grc' dir='ltr'>ιιο.</span> <span class='ocrx_word' id='word_1_10' title='bbox 620 524 661 576; x_wconf 79' lang='lat' dir='ltr'><strong>Ad</strong></span> <span class='ocrx_word' id='word_1_11' title='bbox 674 522 781 578; x_wconf 82' lang='lat' dir='ltr'><strong>delicias</strong></span> <span class='ocrx_word' id='word_1_12' title='bbox 793 524 960 598; x_wconf 88' lang='lat' dir='ltr'><strong>potissimum</strong></span> <span class='ocrx_word' id='word_1_13' title='bbox 973 523 1148 576; x_wconf 75' lang='lat' dir='ltr'><strong>Antiochenas</strong></span> <span class='ocrx_word' id='word_1_14' title='bbox 1158 521 1210 574; x_wconf 90' lang='lat' dir='ltr'><strong>hcc</strong></span> <span class='ocrx_word' id='word_1_15' title='bbox 1222 521 1281 573; x_wconf 87' lang='lat' dir='ltr'><strong>loco</strong></span> <span class='ocrx_word' id='word_1_16' title='bbox 1292 521 1399 592; x_wconf 75' lang='lat' dir='ltr'><strong>respici,</strong></span> 
     </span>
     <span class='ocr_line' id='line_1_3' title="bbox 329 607 1399 689; baseline -0.009 -21"><span class='ocrx_word' id='word_1_17' title='bbox 329 631 409 689; x_wconf 82' lang='lat' dir='ltr'><strong>quarn</strong></span> <span class='ocrx_word' id='word_1_18' title='bbox 422 611 515 664; x_wconf 89' lang='lat' dir='ltr'><strong>urbem</strong></span> <span class='ocrx_word' id='word_1_19' title='bbox 527 616 628 662; x_wconf 80' lang='lat' dir='ltr'><strong>Orontes</strong></span> <span class='ocrx_word' id='word_1_20' title='bbox 640 609 735 675; x_wconf 89' lang='lat' dir='ltr'><strong>alluat,</strong></span> <span class='ocrx_word' id='word_1_21' title='bbox 754 611 882 682; x_wconf 81' lang='lat' dir='ltr'><strong>cujusque</strong></span> <span class='ocrx_word' id='word_1_22' title='bbox 899 609 991 661; x_wconf 81' lang='lat' dir='ltr'><strong>luxum</strong></span> <span class='ocrx_word' id='word_1_23' title='bbox 1002 607 1184 662; x_wconf 68' lang='lat' dir='ltr'>incredibilem</span> <span class='ocrx_word' id='word_1_24' title='bbox 1196 608 1326 675; x_wconf 75' lang='lat' dir='ltr'><strong>eleganter</strong></span> <span class='ocrx_word' id='word_1_25' title='bbox 1338 623 1399 678; x_wconf 85' lang='lat' dir='ltr'><strong>per·</strong></span> 
     </span>
     <span class='ocr_line' id='line_1_4' title="bbox 327 691 1398 767; baseline -0.007 -17"><span class='ocrx_word' id='word_1_26' title='bbox 327 696 436 767; x_wconf 63' lang='lat' dir='ltr'><strong>affingat</strong></span> <span class='ocrx_word' id='word_1_27' title='bbox 446 692 565 746; x_wconf 75' lang='lat' dir='ltr'><strong>Julianus</strong></span> <span class='ocrx_word' id='word_1_28' title='bbox 579 693 725 764; x_wconf 79' lang='lat' dir='ltr'><strong>Imperator</strong></span> <span class='ocrx_word' id='word_1_29' title='bbox 738 693 764 744; x_wconf 90' lang='lat' dir='ltr'><strong>in</strong></span> <span class='ocrx_word' id='word_1_30' title='bbox 778 692 907 764; x_wconf 81' lang='lat' dir='ltr'><strong>Misopog.</strong></span> <span class='ocrx_word' id='word_1_31' title='bbox 922 705 952 744; x_wconf 90' lang='lat' dir='ltr'><strong>ut</strong></span> <span class='ocrx_word' id='word_1_32' title='bbox 969 705 994 746; x_wconf 90' lang='lat' dir='ltr'><strong>et</strong></span> <span class='ocrx_word' id='word_1_33' title='bbox 1013 693 1155 746; x_wconf 82' lang='lat' dir='ltr'><strong>Herodian.</strong></span> <span class='ocrx_word' id='word_1_34' title='bbox 1169 691 1212 759; x_wconf 93' lang='lat' dir='ltr'><strong>ll,</strong></span> <span class='ocrx_word' id='word_1_35' title='bbox 1233 711 1259 764; x_wconf 86' lang='lat'><strong>7,</strong></span> <span class='ocrx_word' id='word_1_36' title='bbox 1276 692 1325 758; x_wconf 79' lang='lat'><strong>1⁵,</strong></span> <span class='ocrx_word' id='word_1_37' title='bbox 1345 707 1398 742; x_wconf 86' lang='lat' dir='ltr'><strong>nou</strong></span> 
     </span>
     <span class='ocr_line' id='line_1_5' title="bbox 327 775 1398 851; baseline -0.007 -16"><span class='ocrx_word' id='word_1_38' title='bbox 327 782 395 835; x_wconf 87' lang='lat' dir='ltr'><strong>male</strong></span> <span class='ocrx_word' id='word_1_39' title='bbox 406 777 588 851; x_wconf 87' lang='lat' dir='ltr'><strong>suspicabatur</strong></span> <span class='ocrx_word' id='word_1_40' title='bbox 598 776 754 831; x_wconf 87' lang='lat' dir='ltr'><strong>Heuninius.</strong></span> <span class='ocrx_word' id='word_1_41' title='bbox 765 778 854 831; x_wconf 87' lang='lat' dir='ltr'><strong>Potest</strong></span> <span class='ocrx_word' id='word_1_42' title='bbox 867 789 955 830; x_wconf 85' lang='lat' dir='ltr'><strong>tamen</strong></span> <span class='ocrx_word' id='word_1_43' title='bbox 967 788 993 830; x_wconf 89' lang='lat' dir='ltr'><strong>et</strong></span> <span class='ocrx_word' id='word_1_44' title='bbox 1003 777 1127 830; x_wconf 83' lang='lat' dir='ltr'><strong>universe</strong></span> <span class='ocrx_word' id='word_1_45' title='bbox 1135 775 1170 829; x_wconf 89' lang='lat' dir='ltr'><strong>ad</strong></span> <span class='ocrx_word' id='word_1_46' title='bbox 1180 777 1310 830; x_wconf 80' lang='lat' dir='ltr'><strong>luxuriam</strong></span> <span class='ocrx_word' id='word_1_47' title='bbox 1321 793 1398 848; x_wconf 88' lang='lat' dir='ltr'><strong>pere·</strong></span> 
     </span>
     <span class='ocr_line' id='line_1_6' title="bbox 326 859 1398 938; baseline -0.005 -21"><span class='ocrx_word' id='word_1_48' title='bbox 326 866 444 938; x_wconf 58' lang='lat' dir='ltr'><strong>prinam</strong></span> <span class='ocrx_word' id='word_1_49' title='bbox 465 881 496 916; x_wconf 86' lang='lat' dir='ltr'><strong>ex</strong></span> <span class='ocrx_word' id='word_1_50' title='bbox 515 860 573 914; x_wconf 75' lang='lat' dir='ltr'><strong>Asia</strong></span> <span class='ocrx_word' id='word_1_51' title='bbox 588 861 704 934; x_wconf 88' lang='lat' dir='ltr'><strong>primum</strong></span> <span class='ocrx_word' id='word_1_52' title='bbox 722 861 749 912; x_wconf 91' lang='lat' dir='ltr'><strong>iu</strong></span> <span class='ocrx_word' id='word_1_53' title='bbox 762 861 864 914; x_wconf 87' lang='lat' dir='ltr'><strong>Urbem</strong></span> <span class='ocrx_word' id='word_1_54' title='bbox 877 879 890 913; x_wconf 91' lang='lat' dir='ltr'><strong>a</strong></span> <span class='ocrx_word' id='word_1_55' title='bbox 903 861 951 914; x_wconf 90' lang='lat' dir='ltr'><strong>Cu.</strong></span> <span class='ocrx_word' id='word_1_56' title='bbox 963 860 1064 913; x_wconf 84' lang='lat' dir='ltr'><strong>Manlio</strong></span> <span class='ocrx_word' id='word_1_57' title='bbox 1077 860 1224 923; x_wconf 84' lang='lat' dir='ltr'><strong>invectam,</strong></span> <span class='ocrx_word' id='word_1_58' title='bbox 1241 860 1350 920; x_wconf 66' lang='grc' dir='ltr'><strong>κήπὶ,</strong></span> <span class='ocrx_word' id='word_1_59' title='bbox 1365 859 1398 912; x_wconf 86' lang='lat' dir='ltr'><strong>de</strong></span> 
     </span>
    </p>
   </div>
   <div class='ocr_carea' id='block_1_3' title="bbox 324 941 1444 1021">
    <p class='ocr_par' dir='ltr' id='par_1_3' title="bbox 324 941 1444 1021">
     <span class='ocr_line' id='line_1_7' title="bbox 324 941 1444 1021; baseline -0.006 -21"><span class='ocrx_word' id='word_1_60' title='bbox 324 966 378 1021; x_wconf 88' lang='lat' dir='ltr'><strong>quo</strong></span> <span class='ocrx_word' id='word_1_61' title='bbox 395 946 449 1000; x_wconf 80' lang='lat' dir='ltr'><strong>vid.</strong></span> <span class='ocrx_word' id='word_1_62' title='bbox 469 946 557 998; x_wconf 90' lang='lat' dir='ltr'><strong>locum</strong></span> <span class='ocrx_word' id='word_1_63' title='bbox 575 943 713 998; x_wconf 87' lang='lat' dir='ltr'><strong>classicum</strong></span> <span class='ocrx_word' id='word_1_64' title='bbox 732 944 802 995; x_wconf 82' lang='lat' dir='ltr'><strong>Livii</strong></span> <span class='ocrx_word' id='word_1_65' title='bbox 821 941 960 1010; x_wconf 71' lang='lat' dir='ltr'><strong>xxxvl,</strong></span> <span class='ocrx_word' id='word_1_66' title='bbox 981 945 1014 1008; x_wconf 83' lang='lat'><strong>6,</strong></span> <span class='ocrx_word' id='word_1_67' title='bbox 1034 961 1113 1014; x_wconf 87' lang='lat' dir='ltr'><strong>quem</strong></span> <span class='ocrx_word' id='word_1_68' title='bbox 1130 943 1266 996; x_wconf 78' lang='lat' dir='ltr'><strong>iuvenalis</strong></span> <span class='ocrx_word' id='word_1_69' title='bbox 1279 943 1357 995; x_wconf 69' lang='lat' dir='ltr'><strong>miam</strong></span> <span class='ocrx_word' id='word_1_70' title='bbox 1370 943 1397 994; x_wconf 91' lang='lat' dir='ltr'><strong>in</strong></span> <span class='ocrx_word' id='word_1_71' title='bbox 1438 994 1444 1013; x_wconf 58' lang='lat'><strong><em>¹</em></strong></span> 
     </span>
    </p>
   </div>
   <div class='ocr_carea' id='block_1_4' title="bbox 324 1026 1399 1357">
    <p class='ocr_par' dir='ltr' id='par_1_4' title="bbox 324 1026 1399 1176">
     <span class='ocr_line' id='line_1_8' title="bbox 324 1026 1399 1101; baseline -0.004 -18"><span class='ocrx_word' id='word_1_72' title='bbox 324 1048 379 1101; x_wconf 85' lang='lat' dir='ltr'><strong>seq.</strong></span> <span class='ocrx_word' id='word_1_73' title='bbox 390 1029 509 1082; x_wconf 82' lang='lat' dir='ltr'><strong>versibus</strong></span> <span class='ocrx_word' id='word_1_74' title='bbox 518 1027 653 1100; x_wconf 72' lang='lat' dir='ltr'><strong>expressit.</strong></span> <span class='ocrx_word' id='word_1_75' title='bbox 663 1027 723 1099; x_wconf 82' lang='lat' dir='ltr'><strong>Syri</strong></span> <span class='ocrx_word' id='word_1_76' title='bbox 732 1027 830 1099; x_wconf 83' lang='lat' dir='ltr'><strong>aliique</strong></span> <span class='ocrx_word' id='word_1_77' title='bbox 837 1026 947 1101; x_wconf 74' lang='lat' dir='ltr'><strong>crientia</strong></span> <span class='ocrx_word' id='word_1_78' title='bbox 956 1027 1048 1099; x_wconf 90' lang='lat' dir='ltr'><strong>populi</strong></span> <span class='ocrx_word' id='word_1_79' title='bbox 1060 1028 1125 1080; x_wconf 84' lang='lat' dir='ltr'><strong>luxu</strong></span> <span class='ocrx_word' id='word_1_80' title='bbox 1136 1037 1162 1080; x_wconf 88' lang='lat' dir='ltr'><strong>et</strong></span> <span class='ocrx_word' id='word_1_81' title='bbox 1170 1026 1276 1081; x_wconf 79' lang='lat' dir='ltr'><strong>lascivia</strong></span> <span class='ocrx_word' id='word_1_82' title='bbox 1287 1027 1399 1079; x_wconf 79' lang='lat' dir='ltr'><strong>infames</strong></span> 
     </span>
     <span class='ocr_line' id='line_1_9' title="bbox 325 1109 747 1176; baseline -0.009 -10"><span class='ocrx_word' id='word_1_83' title='bbox 325 1125 406 1166; x_wconf 88' lang='lat' dir='ltr'><strong>erant.</strong></span> <span class='ocrx_word' id='word_1_84' title='bbox 421 1110 498 1165; x_wconf 87' lang='lat' dir='ltr'><strong>Cous.</strong></span> <span class='ocrx_word' id='word_1_85' title='bbox 508 1110 595 1176; x_wconf 83' lang='lat' dir='ltr'><strong>vm,</strong></span> <span class='ocrx_word' id='word_1_86' title='bbox 610 1110 674 1170; x_wconf 80' lang='lat'><strong>1⁵8,</strong></span> <span class='ocrx_word' id='word_1_87' title='bbox 690 1109 747 1176; x_wconf 76' lang='lat'><strong>159.</strong></span> 
     </span>
    </p>

    <p class='ocr_par' dir='ltr' id='par_1_5' title="bbox 325 1205 1399 1357">
     <span class='ocr_line' id='line_1_10' title="bbox 358 1205 1398 1270; baseline -0.01 -8"><span class='ocrx_word' id='word_1_88' title='bbox 358 1215 424 1262; x_wconf 74' lang='lat' dir='ltr'><strong>Van.</strong></span> <span class='ocrx_word' id='word_1_89' title='bbox 443 1212 485 1259; x_wconf 76' lang='lat' dir='ltr'><strong>fia.</strong></span> <span class='ocrx_word' id='word_1_90' title='bbox 500 1209 580 1266; x_wconf 79' lang='lat' dir='ltr'><strong>Nara,</strong></span> <span class='ocrx_word' id='word_1_91' title='bbox 595 1207 716 1256; x_wconf 70' lang='lat' dir='ltr'><strong>afr-In</strong></span> <span class='ocrx_word' id='word_1_92' title='bbox 729 1205 832 1254; x_wconf 78' lang='lat' dir='ltr'><strong>Tiberim</strong></span> <span class='ocrx_word' id='word_1_93' title='bbox 849 1209 935 1268; x_wconf 78' lang='lat' dir='ltr'><strong>Syrus,</strong></span> <span class='ocrx_word' id='word_1_94' title='bbox 950 1223 997 1269; x_wconf 85' lang='grc' dir='ltr'><strong>ιι,</strong></span> <span class='ocrx_word' id='word_1_95' title='bbox 1011 1223 1056 1266; x_wconf 82' lang='lat' dir='ltr'><strong>ao,</strong></span> <span class='ocrx_word' id='word_1_96' title='bbox 1071 1223 1119 1269; x_wconf 80' lang='lat' dir='ltr'><strong>ar,</strong></span> <span class='ocrx_word' id='word_1_97' title='bbox 1139 1209 1189 1269; x_wconf 73' lang='lat' dir='ltr'><strong>aa,</strong></span> <span class='ocrx_word' id='word_1_98' title='bbox 1207 1223 1253 1268; x_wconf 75' lang='lat' dir='ltr'><strong>ap,</strong></span> <span class='ocrx_word' id='word_1_99' title='bbox 1274 1209 1398 1270; x_wconf 58' lang='lat' dir='ltr'><strong>tii-58,</strong></span> 
     </span>
     <span class='ocr_line' id='line_1_11' title="bbox 325 1289 1399 1357; baseline -0.004 -13"><span class='ocrx_word' id='word_1_100' title='bbox 325 1297 373 1357; x_wconf 81' lang='lat' dir='ltr'><strong>io,</strong></span> <span class='ocrx_word' id='word_1_101' title='bbox 388 1293 507 1352; x_wconf 67' lang='lat'><strong>54—60,</strong></span> <span class='ocrx_word' id='word_1_102' title='bbox 517 1289 568 1352; x_wconf 71' lang='lat'><strong>¹64,</strong></span> <span class='ocrx_word' id='word_1_103' title='bbox 583 1293 632 1352; x_wconf 81' lang='lat'><strong>65,</strong></span> <span class='ocrx_word' id='word_1_104' title='bbox 650 1301 675 1338; x_wconf 88' lang='lat' dir='ltr'><strong>et</strong></span> <span class='ocrx_word' id='word_1_105' title='bbox 685 1293 740 1352; x_wconf 83' lang='lat' dir='ltr'><strong>1x,</strong></span> <span class='ocrx_word' id='word_1_106' title='bbox 754 1293 823 1339; x_wconf 58' lang='lat' dir='ltr'><strong>MS&amp;</strong></span> <span class='ocrx_word' id='word_1_107' title='bbox 836 1291 911 1338; x_wconf 82' lang='lat' dir='ltr'><strong>Puris.</strong></span> <span class='ocrx_word' id='word_1_108' title='bbox 922 1291 966 1340; x_wconf 85' lang='lat' dir='ltr'><strong>sed</strong></span> <span class='ocrx_word' id='word_1_109' title='bbox 978 1291 1059 1354; x_wconf 54' lang='lat' dir='ltr'><strong>irrisas</strong></span> <span class='ocrx_word' id='word_1_110' title='bbox 1068 1291 1166 1340; x_wconf 86' lang='lat' dir='ltr'><strong>emend.</strong></span> <span class='ocrx_word' id='word_1_111' title='bbox 1177 1291 1268 1339; x_wconf 85' lang='lat' dir='ltr'><strong>Britan.</strong></span> <span class='ocrx_word' id='word_1_112' title='bbox 1281 1303 1308 1339; x_wconf 92' lang='lat' dir='ltr'><strong>ut</strong></span> <span class='ocrx_word' id='word_1_113' title='bbox 1321 1301 1399 1340; x_wconf 87' lang='lat' dir='ltr'><strong>metro</strong></span> 
     </span>
    </p>
   </div>
   <div class='ocr_carea' id='block_1_5' title="bbox 322 1372 1400 1524">
    <p class='ocr_par' dir='ltr' id='par_1_6' title="bbox 322 1372 1400 1524">
     <span class='ocr_line' id='line_1_12' title="bbox 322 1372 1400 1441; baseline -0.003 -14"><span class='ocrx_word' id='word_1_114' title='bbox 322 1377 468 1426; x_wconf 69' lang='lat' dir='ltr'><strong>consuleret.</strong></span> <span class='ocrx_word' id='word_1_115' title='bbox 478 1373 588 1437; x_wconf 77' lang='lat' dir='ltr'><strong>Tyberim</strong></span> <span class='ocrx_word' id='word_1_116' title='bbox 597 1374 667 1422; x_wconf 87' lang='lat' dir='ltr'><strong>multi</strong></span> <span class='ocrx_word' id='word_1_117' title='bbox 674 1409 681 1432; x_wconf 91' lang='lat'><strong>,</strong></span> <span class='ocrx_word' id='word_1_118' title='bbox 689 1383 713 1422; x_wconf 89' lang='lat' dir='ltr'><strong>et</strong></span> <span class='ocrx_word' id='word_1_119' title='bbox 722 1372 813 1421; x_wconf 78' lang='lat' dir='ltr'><strong>Tibrim</strong></span> <span class='ocrx_word' id='word_1_120' title='bbox 822 1409 830 1435; x_wconf 92' lang='lat'><strong>,</strong></span> <span class='ocrx_word' id='word_1_121' title='bbox 840 1391 881 1422; x_wconf 69' lang='grc' dir='ltr'><strong>ιι.</strong></span> <span class='ocrx_word' id='word_1_122' title='bbox 893 1374 1007 1440; x_wconf 78' lang='lat' dir='ltr'><strong>Thybrim</strong></span> <span class='ocrx_word' id='word_1_123' title='bbox 1015 1375 1158 1441; x_wconf 79' lang='lat' dir='ltr'><strong>suspicarer,</strong></span> <span class='ocrx_word' id='word_1_124' title='bbox 1166 1391 1219 1439; x_wconf 78' lang='lat' dir='ltr'><strong>quae</strong></span> <span class='ocrx_word' id='word_1_125' title='bbox 1226 1375 1324 1424; x_wconf 82' lang='lat' dir='ltr'><strong>doctior</strong></span> <span class='ocrx_word' id='word_1_126' title='bbox 1333 1376 1400 1424; x_wconf 73' lang='lat' dir='ltr'><strong>rocio</strong></span> 
     </span>
     <span class='ocr_line' id='line_1_13' title="bbox 323 1441 1396 1524; baseline -0.001 -19"><span class='ocrx_word' id='word_1_127' title='bbox 323 1459 400 1507; x_wconf 79' lang='lat' dir='ltr'><strong>forma</strong></span> <span class='ocrx_word' id='word_1_128' title='bbox 410 1466 461 1514; x_wconf 85' lang='lat' dir='ltr'><strong>est,</strong></span> <span class='ocrx_word' id='word_1_129' title='bbox 475 1470 507 1502; x_wconf 81' lang='lat' dir='ltr'><strong>ex</strong></span> <span class='ocrx_word' id='word_1_130' title='bbox 515 1456 592 1503; x_wconf 69' lang='lat' dir='ltr'><strong>Grec.</strong></span> <span class='ocrx_word' id='word_1_131' title='bbox 604 1441 719 1522; x_wconf 60' lang='grc' dir='ltr'><strong>Θῦμςρις</strong></span> <span class='ocrx_word' id='word_1_132' title='bbox 733 1466 758 1502; x_wconf 89' lang='lat' dir='ltr'><strong>et</strong></span> <span class='ocrx_word' id='word_1_133' title='bbox 772 1441 877 1520; x_wconf 66' lang='lat' dir='ltr'><strong>(arira,</strong></span> <span class='ocrx_word' id='word_1_134' title='bbox 893 1456 914 1501; x_wconf 86' lang='lat' dir='ltr'><strong>si</strong></span> <span class='ocrx_word' id='word_1_135' title='bbox 924 1455 952 1503; x_wconf 90' lang='lat' dir='ltr'><strong>in</strong></span> <span class='ocrx_word' id='word_1_136' title='bbox 961 1456 1031 1520; x_wconf 89' lang='lat' dir='ltr'><strong>epico</strong></span> <span class='ocrx_word' id='word_1_137' title='bbox 1042 1465 1116 1520; x_wconf 87' lang='lat' dir='ltr'><strong>poeta</strong></span> <span class='ocrx_word' id='word_1_138' title='bbox 1128 1469 1237 1502; x_wconf 73' lang='lat' dir='ltr'><strong>rerurer</strong></span> <span class='ocrx_word' id='word_1_139' title='bbox 1249 1465 1292 1501; x_wconf 85' lang='lat' dir='ltr'><strong>aut</strong></span> <span class='ocrx_word' id='word_1_140' title='bbox 1302 1451 1396 1524; x_wconf 84' lang='lat' dir='ltr'><strong>lyrico.</strong></span> 
     </span>
    </p>
   </div>
   <div class='ocr_carea' id='block_1_6' title="bbox 321 1607 1406 4147">
    <p class='ocr_par' dir='ltr' id='par_1_7' title="bbox 356 1607 689 1667">
     <span class='ocr_line' id='line_1_14' title="bbox 356 1607 689 1667; baseline -0.012 -9"><span class='ocrx_word' id='word_1_141' title='bbox 356 1613 426 1660; x_wconf 69' lang='lat' dir='ltr'><strong>Vin.</strong></span> <span class='ocrx_word' id='word_1_142' title='bbox 445 1608 487 1660; x_wconf 82' lang='lat'><strong>63.</strong></span> <span class='ocrx_word' id='word_1_143' title='bbox 502 1607 630 1667; x_wconf 70' lang='lat' dir='ltr'><strong>ibbrbr&#39;rac,</strong></span> <span class='ocrx_word' id='word_1_144' title='bbox 647 1607 689 1656; x_wconf 77' lang='lat'><strong>23.</strong></span> 
     </span>
    </p>

    <p class='ocr_par' dir='ltr' id='par_1_8' title="bbox 321 1689 1406 4147">
     <span class='ocr_line' id='line_1_15' title="bbox 356 1689 1397 1770; baseline -0.001 -18"><span class='ocrx_word' id='word_1_145' title='bbox 356 1699 425 1752; x_wconf 84' lang='lat' dir='ltr'><strong>Nor.</strong></span> <span class='ocrx_word' id='word_1_146' title='bbox 445 1695 489 1749; x_wconf 84' lang='lat'><strong>63.</strong></span> <span class='ocrx_word' id='word_1_147' title='bbox 507 1699 566 1748; x_wconf 77' lang='lat' dir='ltr'><strong>Garri</strong></span> <span class='ocrx_word' id='word_1_148' title='bbox 578 1697 687 1755; x_wconf 65' lang='lat' dir='ltr'><strong>tiberne,</strong></span> <span class='ocrx_word' id='word_1_149' title='bbox 703 1714 764 1748; x_wconf 88' lang='lat' dir='ltr'><strong>cnm</strong></span> <span class='ocrx_word' id='word_1_150' title='bbox 778 1693 867 1762; x_wconf 87' lang='lat' dir='ltr'><strong>tibiis,</strong></span> <span class='ocrx_word' id='word_1_151' title='bbox 886 1710 938 1749; x_wconf 87' lang='lat' dir='ltr'><strong>tam</strong></span> <span class='ocrx_word' id='word_1_152' title='bbox 950 1697 1081 1769; x_wconf 85' lang='lat' dir='ltr'><strong>obliquis,</strong></span> <span class='ocrx_word' id='word_1_153' title='bbox 1099 1689 1297 1764; x_wconf 61' lang='lat' dir='ltr'><strong>emacim,</strong></span> <span class='ocrx_word' id='word_1_154' title='bbox 1317 1716 1397 1770; x_wconf 81' lang='lat' dir='ltr'><strong>quam</strong></span> 
     </span>
     <span class='ocr_line' id='line_1_16' title="bbox 322 1779 1398 1852; baseline 0.002 -18"><span class='ocrx_word' id='word_1_155' title='bbox 322 1782 412 1847; x_wconf 80' lang='lat' dir='ltr'><strong>nontin,</strong></span> <span class='ocrx_word' id='word_1_156' title='bbox 421 1783 525 1832; x_wconf 79' lang='lat' dir='ltr'><strong>chordas</strong></span> <span class='ocrx_word' id='word_1_157' title='bbox 536 1781 660 1846; x_wconf 83' lang='lat' dir='ltr'><strong>obliquas,</strong></span> <span class='ocrx_word' id='word_1_158' title='bbox 674 1779 812 1843; x_wconf 85' lang='lat' dir='ltr'><strong>sambuca,</strong></span> <span class='ocrx_word' id='word_1_159' title='bbox 826 1781 909 1852; x_wconf 88' lang='lat' dir='ltr'><strong>lyras,</strong></span> <span class='ocrx_word' id='word_1_160' title='bbox 922 1781 1050 1846; x_wconf 74' lang='lat' dir='ltr'><strong>citharas,</strong></span> <span class='ocrx_word' id='word_1_161' title='bbox 1063 1793 1114 1836; x_wconf 84' lang='lat' dir='ltr'><strong>etc.</strong></span> <span class='ocrx_word' id='word_1_162' title='bbox 1126 1782 1222 1835; x_wconf 83' lang='lat' dir='ltr'><strong>Verbis</strong></span> <span class='ocrx_word' id='word_1_163' title='bbox 1233 1802 1288 1833; x_wconf 84' lang='lat' dir='ltr'><strong>eurr</strong></span> <span class='ocrx_word' id='word_1_164' title='bbox 1299 1785 1398 1836; x_wconf 79' lang='lat' dir='ltr'><strong>tibicine</strong></span> 
     </span>
     <span class='ocr_line' id='line_1_17' title="bbox 322 1851 1398 1933; baseline 0.004 -21"><span class='ocrx_word' id='word_1_165' title='bbox 322 1864 425 1912; x_wconf 74' lang='lat' dir='ltr'><strong>chordas</strong></span> <span class='ocrx_word' id='word_1_166' title='bbox 441 1862 551 1927; x_wconf 79' lang='lat' dir='ltr'><strong>obliquas</strong></span> <span class='ocrx_word' id='word_1_167' title='bbox 567 1851 754 1924; x_wconf 69' lang='grc' dir='ltr'><strong>πλαγίαυλον,</strong></span> <span class='ocrx_word' id='word_1_168' title='bbox 770 1878 817 1911; x_wconf 87' lang='lat' dir='ltr'><strong>seu</strong></span> <span class='ocrx_word' id='word_1_169' title='bbox 833 1859 969 1931; x_wconf 85' lang='lat' dir='ltr'><strong>obliquam</strong></span> <span class='ocrx_word' id='word_1_170' title='bbox 986 1861 1094 1927; x_wconf 83' lang='lat' dir='ltr'><strong>tibiam,</strong></span> <span class='ocrx_word' id='word_1_171' title='bbox 1112 1879 1189 1933; x_wconf 74' lang='lat' dir='ltr'><strong>que,</strong></span> <span class='ocrx_word' id='word_1_172' title='bbox 1202 1861 1225 1914; x_wconf 82' lang='lat' dir='ltr'><strong>si</strong></span> <span class='ocrx_word' id='word_1_173' title='bbox 1237 1879 1294 1914; x_wconf 85' lang='lat' dir='ltr'><strong>eam</strong></span> <span class='ocrx_word' id='word_1_174' title='bbox 1306 1861 1398 1916; x_wconf 82' lang='lat' dir='ltr'><strong>inflent</strong></span> 
     </span>
     <span class='ocr_line' id='line_1_18' title="bbox 322 1941 1398 2017; baseline 0.002 -20"><span class='ocrx_word' id='word_1_175' title='bbox 322 1945 453 2007; x_wconf 84' lang='lat' dir='ltr'><strong>tibicines,</strong></span> <span class='ocrx_word' id='word_1_176' title='bbox 466 1942 574 2006; x_wconf 83' lang='lat' dir='ltr'><strong>efficiat,</strong></span> <span class='ocrx_word' id='word_1_177' title='bbox 586 1955 616 1994; x_wconf 90' lang='lat' dir='ltr'><strong>ut</strong></span> <span class='ocrx_word' id='word_1_178' title='bbox 626 1941 690 2014; x_wconf 83' lang='lat' dir='ltr'><strong>ipsis</strong></span> <span class='ocrx_word' id='word_1_179' title='bbox 702 1960 810 2014; x_wconf 86' lang='lat' dir='ltr'><strong>quoque</strong></span> <span class='ocrx_word' id='word_1_180' title='bbox 822 1945 944 2010; x_wconf 78' lang='lat' dir='ltr'><strong>obliquam</strong></span> <span class='ocrx_word' id='word_1_181' title='bbox 957 1943 991 1997; x_wconf 87' lang='lat' dir='ltr'><strong>sit</strong></span> <span class='ocrx_word' id='word_1_182' title='bbox 1000 1957 1091 2017; x_wconf 89' lang='lat' dir='ltr'><strong>capnt,</strong></span> <span class='ocrx_word' id='word_1_183' title='bbox 1106 1944 1246 1998; x_wconf 70' lang='lat' dir='ltr'><strong>manifecte</strong></span> <span class='ocrx_word' id='word_1_184' title='bbox 1255 1943 1398 2017; x_wconf 74' lang='lat' dir='ltr'><strong>designari,</strong></span> 
     </span>
     <span class='ocr_line' id='line_1_19' title="bbox 322 2024 1398 2100; baseline 0.001 -19"><span class='ocrx_word' id='word_1_185' title='bbox 322 2039 347 2081; x_wconf 88' lang='lat' dir='ltr'><strong>et</strong></span> <span class='ocrx_word' id='word_1_186' title='bbox 359 2030 480 2094; x_wconf 75' lang='lat' dir='ltr'><strong>chordas,</strong></span> <span class='ocrx_word' id='word_1_187' title='bbox 498 2045 543 2078; x_wconf 90' lang='lat' dir='ltr'><strong>seu</strong></span> <span class='ocrx_word' id='word_1_188' title='bbox 550 2027 618 2096; x_wconf 81' lang='lat' dir='ltr'><strong>fides</strong></span> <span class='ocrx_word' id='word_1_189' title='bbox 630 2044 682 2078; x_wconf 91' lang='lat' dir='ltr'><strong>non</strong></span> <span class='ocrx_word' id='word_1_190' title='bbox 697 2025 731 2079; x_wconf 84' lang='lat' dir='ltr'><strong>de</strong></span> <span class='ocrx_word' id='word_1_191' title='bbox 743 2024 842 2078; x_wconf 90' lang='lat' dir='ltr'><strong>cithara</strong></span> <span class='ocrx_word' id='word_1_192' title='bbox 856 2045 977 2098; x_wconf 83' lang='lat' dir='ltr'><strong>semper,</strong></span> <span class='ocrx_word' id='word_1_193' title='bbox 998 2039 1043 2078; x_wconf 88' lang='lat' dir='ltr'><strong>uut</strong></span> <span class='ocrx_word' id='word_1_194' title='bbox 1060 2026 1133 2100; x_wconf 85' lang='lat' dir='ltr'><strong>lyra,</strong></span> <span class='ocrx_word' id='word_1_195' title='bbox 1147 2027 1258 2099; x_wconf 85' lang='lat' dir='ltr'><strong>aliisque</strong></span> <span class='ocrx_word' id='word_1_196' title='bbox 1275 2027 1303 2081; x_wconf 92' lang='lat' dir='ltr'><strong>id</strong></span> <span class='ocrx_word' id='word_1_197' title='bbox 1317 2047 1398 2099; x_wconf 75' lang='lat' dir='ltr'><strong>genua</strong></span> 
     </span>
     <span class='ocr_line' id='line_1_20' title="bbox 322 2097 1398 2180; baseline 0.001 -21"><span class='ocrx_word' id='word_1_198' title='bbox 322 2097 474 2176; x_wconf 66' lang='lat' dir='ltr'><strong>r&#39;yxr&#39;pdsm</strong></span> <span class='ocrx_word' id='word_1_199' title='bbox 490 2105 531 2158; x_wconf 87' lang='lat' dir='ltr'><strong>rel</strong></span> <span class='ocrx_word' id='word_1_200' title='bbox 558 2101 661 2173; x_wconf 61' lang='lat' dir='ltr'><strong>irtrqa&#39;ir</strong></span> <span class='ocrx_word' id='word_1_201' title='bbox 686 2105 882 2168; x_wconf 71' lang='lat' dir='ltr'><strong>instrumentis,</strong></span> <span class='ocrx_word' id='word_1_202' title='bbox 901 2104 948 2157; x_wconf 87' lang='lat' dir='ltr'><strong>sed</strong></span> <span class='ocrx_word' id='word_1_203' title='bbox 965 2104 998 2158; x_wconf 88' lang='lat' dir='ltr'><strong>de</strong></span> <span class='ocrx_word' id='word_1_204' title='bbox 1015 2109 1080 2158; x_wconf 79' lang='lat' dir='ltr'><strong>tiiir&#39;s</strong></span> <span class='ocrx_word' id='word_1_205' title='bbox 1100 2107 1177 2160; x_wconf 87' lang='lat' dir='ltr'><strong>etiam</strong></span> <span class='ocrx_word' id='word_1_206' title='bbox 1198 2106 1267 2168; x_wconf 88' lang='lat' dir='ltr'><strong>dici,</strong></span> <span class='ocrx_word' id='word_1_207' title='bbox 1287 2108 1398 2180; x_wconf 77' lang='lat' dir='ltr'><strong>viceque</strong></span> 
     </span>
     <span class='ocr_line' id='line_1_21' title="bbox 323 2174 1396 2259; baseline 0 -19"><span class='ocrx_word' id='word_1_208' title='bbox 323 2206 395 2240; x_wconf 82' lang='lat' dir='ltr'><strong>versa</strong></span> <span class='ocrx_word' id='word_1_209' title='bbox 412 2188 520 2237; x_wconf 80' lang='lat' dir='ltr'><strong>citharas</strong></span> <span class='ocrx_word' id='word_1_210' title='bbox 537 2184 622 2256; x_wconf 82' lang='lat' dir='ltr'><strong>accipi</strong></span> <span class='ocrx_word' id='word_1_211' title='bbox 641 2202 691 2255; x_wconf 86' lang='lat' dir='ltr'><strong>pm</strong></span> <span class='ocrx_word' id='word_1_212' title='bbox 709 2187 791 2248; x_wconf 80' lang='lat' dir='ltr'><strong>tibiis,</strong></span> <span class='ocrx_word' id='word_1_213' title='bbox 811 2196 837 2237; x_wconf 87' lang='lat' dir='ltr'><strong>et</strong></span> <span class='ocrx_word' id='word_1_214' title='bbox 849 2174 971 2254; x_wconf 63' lang='lat' dir='ltr'><strong>sinapis</strong></span> <span class='ocrx_word' id='word_1_215' title='bbox 985 2205 1034 2258; x_wconf 89' lang='lat' dir='ltr'><strong>pro</strong></span> <span class='ocrx_word' id='word_1_216' title='bbox 1047 2177 1194 2259; x_wconf 65' lang='lat' dir='ltr'><strong>erilappdl‘qa</strong></span> <span class='ocrx_word' id='word_1_217' title='bbox 1206 2186 1277 2258; x_wconf 87' lang='lat' dir='ltr'><strong>apud</strong></span> <span class='ocrx_word' id='word_1_218' title='bbox 1289 2187 1396 2240; x_wconf 72' lang='lat' dir='ltr'><strong>Luem,</strong></span> 
     </span>
     <span class='ocr_line' id='line_1_22' title="bbox 322 2266 1398 2341; baseline 0 -19"><span class='ocrx_word' id='word_1_219' title='bbox 322 2269 371 2337; x_wconf 91' lang='lat' dir='ltr'><strong>IV,</strong></span> <span class='ocrx_word' id='word_1_220' title='bbox 386 2271 446 2341; x_wconf 83' lang='lat'><strong>587,</strong></span> <span class='ocrx_word' id='word_1_221' title='bbox 460 2266 667 2322; x_wconf 64' lang='lat' dir='ltr'><strong>taurinenrem</strong></span> <span class='ocrx_word' id='word_1_222' title='bbox 686 2281 711 2321; x_wconf 88' lang='lat' dir='ltr'><strong>et</strong></span> <span class='ocrx_word' id='word_1_223' title='bbox 728 2268 811 2334; x_wconf 89' lang='lat' dir='ltr'><strong>ulios,</strong></span> <span class='ocrx_word' id='word_1_224' title='bbox 831 2269 1007 2322; x_wconf 82' lang='lat' dir='ltr'><strong>contendebat</strong></span> <span class='ocrx_word' id='word_1_225' title='bbox 1023 2269 1134 2324; x_wconf 86' lang='lat' dir='ltr'><strong>Vossius</strong></span> <span class='ocrx_word' id='word_1_226' title='bbox 1153 2270 1181 2322; x_wconf 88' lang='lat' dir='ltr'><strong>iu</strong></span> <span class='ocrx_word' id='word_1_227' title='bbox 1199 2271 1398 2323; x_wconf 73' lang='lat' dir='ltr'><strong>observationi-</strong></span> 
     </span>
     <span class='ocr_line' id='line_1_23' title="bbox 323 2353 1398 2425; baseline -0.004 -15"><span class='ocrx_word' id='word_1_228' title='bbox 323 2356 372 2409; x_wconf 90' lang='lat' dir='ltr'><strong>bus</strong></span> <span class='ocrx_word' id='word_1_229' title='bbox 386 2353 419 2408; x_wconf 85' lang='lat' dir='ltr'><strong>ad</strong></span> <span class='ocrx_word' id='word_1_230' title='bbox 433 2354 580 2415; x_wconf 86' lang='lat' dir='ltr'><strong>Catullum,</strong></span> <span class='ocrx_word' id='word_1_231' title='bbox 593 2371 621 2424; x_wconf 90' lang='lat' dir='ltr'><strong>p.</strong></span> <span class='ocrx_word' id='word_1_232' title='bbox 636 2371 672 2406; x_wconf 89' lang='lat' dir='ltr'><strong>m.</strong></span> <span class='ocrx_word' id='word_1_233' title='bbox 689 2353 738 2405; x_wconf 75' lang='lat'><strong>166</strong></span> <span class='ocrx_word' id='word_1_234' title='bbox 757 2363 783 2405; x_wconf 86' lang='lat' dir='ltr'><strong>et</strong></span> <span class='ocrx_word' id='word_1_235' title='bbox 805 2357 862 2422; x_wconf 81' lang='lat'>167.</span> <span class='ocrx_word' id='word_1_236' title='bbox 883 2353 995 2425; x_wconf 83' lang='lat' dir='ltr'><strong>Copiose</strong></span> <span class='ocrx_word' id='word_1_237' title='bbox 1012 2364 1091 2424; x_wconf 87' lang='lat' dir='ltr'><strong>atque</strong></span> <span class='ocrx_word' id='word_1_238' title='bbox 1107 2353 1209 2407; x_wconf 86' lang='lat' dir='ltr'><strong>erudite</strong></span> <span class='ocrx_word' id='word_1_239' title='bbox 1227 2367 1316 2407; x_wconf 88' lang='lat' dir='ltr'><strong>contra</strong></span> <span class='ocrx_word' id='word_1_240' title='bbox 1337 2371 1398 2406; x_wconf 89' lang='lat' dir='ltr'><strong>eum</strong></span> 
     </span>
     <span class='ocr_line' id='line_1_24' title="bbox 322 2432 1400 2509; baseline -0.003 -18"><span class='ocrx_word' id='word_1_241' title='bbox 322 2435 465 2509; x_wconf 83' lang='lat' dir='ltr'><strong>disputarit</strong></span> <span class='ocrx_word' id='word_1_242' title='bbox 476 2434 651 2506; x_wconf 85' lang='lat' dir='ltr'><strong>Spanbemius</strong></span> <span class='ocrx_word' id='word_1_243' title='bbox 664 2433 698 2487; x_wconf 91' lang='lat' dir='ltr'><strong>ad</strong></span> <span class='ocrx_word' id='word_1_244' title='bbox 713 2432 921 2498; x_wconf 83' lang='lat' dir='ltr'><strong>Callimachum,</strong></span> <span class='ocrx_word' id='word_1_245' title='bbox 940 2435 1039 2506; x_wconf 83' lang='lat' dir='ltr'><strong>Hymn.</strong></span> <span class='ocrx_word' id='word_1_246' title='bbox 1059 2436 1087 2487; x_wconf 90' lang='lat' dir='ltr'><strong>in</strong></span> <span class='ocrx_word' id='word_1_247' title='bbox 1103 2436 1161 2489; x_wconf 87' lang='lat' dir='ltr'><strong>Del.</strong></span> <span class='ocrx_word' id='word_1_248' title='bbox 1175 2455 1252 2490; x_wconf 84' lang='lat' dir='ltr'><strong>versu</strong></span> <span class='ocrx_word' id='word_1_249' title='bbox 1268 2437 1335 2502; x_wconf 73' lang='lat'><strong>253,</strong></span> <span class='ocrx_word' id='word_1_250' title='bbox 1353 2437 1400 2489; x_wconf 90' lang='lat' dir='ltr'><strong>ubi</strong></span> 
     </span>
     <span class='ocr_line' id='line_1_25' title="bbox 323 2515 1399 2592; baseline 0 -21"><span class='ocrx_word' id='word_1_251' title='bbox 323 2531 418 2592; x_wconf 83' lang='lat' dir='ltr'><strong>praeter</strong></span> <span class='ocrx_word' id='word_1_252' title='bbox 427 2517 477 2570; x_wconf 87' lang='lat' dir='ltr'><strong>alia</strong></span> <span class='ocrx_word' id='word_1_253' title='bbox 490 2516 547 2568; x_wconf 82' lang='lat' dir='ltr'><strong>haec</strong></span> <span class='ocrx_word' id='word_1_254' title='bbox 556 2515 670 2588; x_wconf 81' lang='lat' dir='ltr'><strong>reperies</strong></span> <span class='ocrx_word' id='word_1_255' title='bbox 680 2516 759 2568; x_wconf 83' lang='lat' dir='ltr'><strong>verba</strong></span> <span class='ocrx_word' id='word_1_256' title='bbox 772 2536 778 2569; x_wconf 94' lang='lat'>:</span> <span class='ocrx_word' id='word_1_257' title='bbox 793 2518 887 2569; x_wconf 73' lang='lat' dir='ltr'><strong>«Notae</strong></span> <span class='ocrx_word' id='word_1_258' title='bbox 898 2516 1005 2569; x_wconf 82' lang='lat' dir='ltr'><strong>abunde</strong></span> <span class='ocrx_word' id='word_1_259' title='bbox 1015 2521 1121 2586; x_wconf 74' lang='lat' dir='ltr'><strong>obliquae</strong></span> <span class='ocrx_word' id='word_1_260' title='bbox 1132 2530 1250 2572; x_wconf 85' lang='lat' dir='ltr'><strong>veterum</strong></span> <span class='ocrx_word' id='word_1_261' title='bbox 1261 2521 1342 2582; x_wconf 77' lang='lat' dir='ltr'><strong>tibiae,</strong></span> <span class='ocrx_word' id='word_1_262' title='bbox 1353 2539 1399 2573; x_wconf 78' lang='lat' dir='ltr'><strong>ceu</strong></span> 
     </span>
     <span class='ocr_line' id='line_1_26' title="bbox 323 2599 1401 2674; baseline 0.003 -22"><span class='ocrx_word' id='word_1_263' title='bbox 323 2601 460 2674; x_wconf 81' lang='lat' dir='ltr'><strong>plagiauli,</strong></span> <span class='ocrx_word' id='word_1_264' title='bbox 472 2617 502 2652; x_wconf 86' lang='lat' dir='ltr'><strong>ac</strong></span> <span class='ocrx_word' id='word_1_265' title='bbox 513 2604 636 2671; x_wconf 80' lang='lat' dir='ltr'><strong>practerea</strong></span> <span class='ocrx_word' id='word_1_266' title='bbox 650 2599 820 2662; x_wconf 67' lang='lat' dir='ltr'><strong>Phoenicum,</strong></span> <span class='ocrx_word' id='word_1_267' title='bbox 834 2619 882 2653; x_wconf 89' lang='lat' dir='ltr'><strong>seu</strong></span> <span class='ocrx_word' id='word_1_268' title='bbox 891 2599 1035 2672; x_wconf 81' lang='lat' dir='ltr'><strong>Syrorum,</strong></span> <span class='ocrx_word' id='word_1_269' title='bbox 1049 2600 1096 2672; x_wconf 85' lang='lat' dir='ltr'><strong>qui</strong></span> <span class='ocrx_word' id='word_1_270' title='bbox 1107 2599 1235 2653; x_wconf 85' lang='lat' dir='ltr'><strong>confundi</strong></span> <span class='ocrx_word' id='word_1_271' title='bbox 1248 2621 1261 2653; x_wconf 91' lang='lat' dir='ltr'><strong>a</strong></span> <span class='ocrx_word' id='word_1_272' title='bbox 1275 2601 1401 2655; x_wconf 73' lang='lat' dir='ltr'><strong>Romanis</strong></span> 
     </span>
     <span class='ocr_line' id='line_1_27' title="bbox 324 2670 1402 2751; baseline -0.001 -18"><span class='ocrx_word' id='word_1_273' title='bbox 324 2691 350 2733; x_wconf 87' lang='lat' dir='ltr'><strong>et</strong></span> <span class='ocrx_word' id='word_1_274' title='bbox 360 2679 458 2733; x_wconf 82' lang='lat' dir='ltr'><strong>Graecis</strong></span> <span class='ocrx_word' id='word_1_275' title='bbox 470 2679 549 2730; x_wconf 83' lang='lat' dir='ltr'><strong>etiam</strong></span> <span class='ocrx_word' id='word_1_276' title='bbox 561 2678 733 2750; x_wconf 77' lang='lat' dir='ltr'><strong>scriptoribus</strong></span> <span class='ocrx_word' id='word_1_277' title='bbox 747 2678 848 2744; x_wconf 88' lang='lat' dir='ltr'><strong>solent,</strong></span> <span class='ocrx_word' id='word_1_278' title='bbox 860 2679 948 2744; x_wconf 81' lang='lat' dir='ltr'><strong>tibiae,</strong></span> <span class='ocrx_word' id='word_1_279' title='bbox 963 2670 1087 2751; x_wconf 69' lang='grc' dir='ltr'><strong>γίγγροι,</strong></span> <span class='ocrx_word' id='word_1_280' title='bbox 1103 2691 1147 2731; x_wconf 91' lang='lat' dir='ltr'><strong>aut</strong></span> <span class='ocrx_word' id='word_1_281' title='bbox 1160 2675 1289 2746; x_wconf 69' lang='grc' dir='ltr'><strong><em>γίγγρα.</em></strong></span> <span class='ocrx_word' id='word_1_282' title='bbox 1304 2700 1335 2734; x_wconf 84' lang='lat' dir='ltr'><strong>ac</strong></span> <span class='ocrx_word' id='word_1_283' title='bbox 1345 2687 1402 2732; x_wconf 58' lang='lat' dir='ltr'><strong>Sar»</strong></span> 
     </span>
     <span class='ocr_line' id='line_1_28' title="bbox 324 2759 1400 2833; baseline 0.003 -20"><span class='ocrx_word' id='word_1_284' title='bbox 324 2782 406 2822; x_wconf 77' lang='lat' dir='ltr'><strong>mnae,</strong></span> <span class='ocrx_word' id='word_1_285' title='bbox 422 2761 464 2813; x_wconf 85' lang='lat' dir='ltr'><strong>rel</strong></span> <span class='ocrx_word' id='word_1_286' title='bbox 476 2766 600 2820; x_wconf 79' lang='lat' dir='ltr'><strong>Serranae,</strong></span> <span class='ocrx_word' id='word_1_287' title='bbox 616 2760 667 2811; x_wconf 92' lang='lat' dir='ltr'><strong>boc</strong></span> <span class='ocrx_word' id='word_1_288' title='bbox 681 2772 738 2824; x_wconf 80' lang='lat' dir='ltr'><strong>est,</strong></span> <span class='ocrx_word' id='word_1_289' title='bbox 753 2759 859 2832; x_wconf 81' lang='lat' dir='ltr'><strong>Tyriae,</strong></span> <span class='ocrx_word' id='word_1_290' title='bbox 873 2759 959 2813; x_wconf 82' lang='lat' dir='ltr'><strong>dictae.</strong></span> <span class='ocrx_word' id='word_1_291' title='bbox 973 2760 1025 2813; x_wconf 85' lang='lat' dir='ltr'><strong>Sed</strong></span> <span class='ocrx_word' id='word_1_292' title='bbox 1038 2773 1182 2833; x_wconf 84' lang='lat' dir='ltr'><strong>utrumque</strong></span> <span class='ocrx_word' id='word_1_293' title='bbox 1194 2763 1289 2815; x_wconf 86' lang='lat' dir='ltr'><strong>musici</strong></span> <span class='ocrx_word' id='word_1_294' title='bbox 1301 2765 1400 2816; x_wconf 85' lang='lat' dir='ltr'><strong>instru-</strong></span> 
     </span>
     <span class='ocr_line' id='line_1_29' title="bbox 325 2827 1402 2913; baseline 0 -18"><span class='ocrx_word' id='word_1_295' title='bbox 325 2843 406 2895; x_wconf 86' lang='lat' dir='ltr'><strong>menti</strong></span> <span class='ocrx_word' id='word_1_296' title='bbox 416 2859 498 2912; x_wconf 76' lang='lat' dir='ltr'><strong>genus</strong></span> <span class='ocrx_word' id='word_1_297' title='bbox 506 2852 559 2892; x_wconf 83' lang='lat' dir='ltr'><strong>tam</strong></span> <span class='ocrx_word' id='word_1_298' title='bbox 572 2827 716 2910; x_wconf 60' lang='lat' dir='ltr'><strong>iyxrpdar,</strong></span> <span class='ocrx_word' id='word_1_299' title='bbox 730 2859 803 2906; x_wconf 80' lang='lat' dir='ltr'><strong>quam</strong></span> <span class='ocrx_word' id='word_1_300' title='bbox 817 2829 983 2906; x_wconf 57' lang='lat' dir='ltr'><strong>iprrrrdir,</strong></span> <span class='ocrx_word' id='word_1_301' title='bbox 997 2851 1122 2911; x_wconf 84' lang='lat' dir='ltr'><strong>tanquam</strong></span> <span class='ocrx_word' id='word_1_302' title='bbox 1134 2859 1148 2892; x_wconf 91' lang='lat' dir='ltr'><strong>a</strong></span> <span class='ocrx_word' id='word_1_303' title='bbox 1161 2841 1316 2912; x_wconf 83' lang='lat' dir='ltr'><strong>voluptariis</strong></span> <span class='ocrx_word' id='word_1_304' title='bbox 1329 2842 1402 2913; x_wconf 77' lang='lat' dir='ltr'><strong>Syris</strong></span> 
     </span>
     <span class='ocr_line' id='line_1_30' title="bbox 325 2919 1401 2994; baseline -0.001 -16"><span class='ocrx_word' id='word_1_305' title='bbox 325 2928 352 2978; x_wconf 91' lang='lat' dir='ltr'><strong>in</strong></span> <span class='ocrx_word' id='word_1_306' title='bbox 363 2925 463 2977; x_wconf 90' lang='lat' dir='ltr'><strong>Urbem</strong></span> <span class='ocrx_word' id='word_1_307' title='bbox 476 2919 594 2986; x_wconf 84' lang='lat' dir='ltr'><strong>illatum,</strong></span> <span class='ocrx_word' id='word_1_308' title='bbox 610 2920 661 2974; x_wconf 90' lang='lat' dir='ltr'><strong>hoc</strong></span> <span class='ocrx_word' id='word_1_309' title='bbox 679 2921 738 2973; x_wconf 87' lang='lat' dir='ltr'><strong>loco</strong></span> <span class='ocrx_word' id='word_1_310' title='bbox 751 2921 842 2992; x_wconf 79' lang='lat' dir='ltr'><strong>tangi,</strong></span> <span class='ocrx_word' id='word_1_311' title='bbox 862 2933 892 2972; x_wconf 94' lang='lat' dir='ltr'><strong>ut</strong></span> <span class='ocrx_word' id='word_1_312' title='bbox 909 2921 943 2974; x_wconf 87' lang='lat' dir='ltr'><strong>ab</strong></span> <span class='ocrx_word' id='word_1_313' title='bbox 955 2921 1065 2973; x_wconf 88' lang='lat' dir='ltr'><strong>Horatio</strong></span> <span class='ocrx_word' id='word_1_314' title='bbox 1083 2921 1213 2994; x_wconf 89' lang='lat' dir='ltr'><strong>Epodon,</strong></span> <span class='ocrx_word' id='word_1_315' title='bbox 1229 2923 1286 2988; x_wconf 84' lang='lat' dir='ltr'><strong>lx,</strong></span> <span class='ocrx_word' id='word_1_316' title='bbox 1301 2925 1334 2989; x_wconf 84' lang='lat'><strong>5,</strong></span> <span class='ocrx_word' id='word_1_317' title='bbox 1355 2925 1401 2977; x_wconf 91' lang='lat' dir='ltr'><strong>ubi</strong></span> 
     </span>
     <span class='ocr_line' id='line_1_31' title="bbox 325 3001 1402 3078; baseline -0.001 -17"><span class='ocrx_word' id='word_1_318' title='bbox 325 3007 359 3061; x_wconf 90' lang='lat' dir='ltr'><strong>de</strong></span> <span class='ocrx_word' id='word_1_319' title='bbox 371 3008 508 3078; x_wconf 84' lang='lat' dir='ltr'><strong>utriusque</strong></span> <span class='ocrx_word' id='word_1_320' title='bbox 520 3001 649 3058; x_wconf 80' lang='lat' dir='ltr'><strong>concentu</strong></span> <span class='ocrx_word' id='word_1_321' title='bbox 661 3004 759 3075; x_wconf 76' lang='lat' dir='ltr'><strong>agitur,</strong></span> <span class='ocrx_word' id='word_1_322' title='bbox 770 3003 909 3075; x_wconf 83' lang='lat' dir='ltr'><strong>probabile</strong></span> <span class='ocrx_word' id='word_1_323' title='bbox 921 3003 951 3057; x_wconf 84' lang='lat' dir='ltr'><strong>iit</strong></span> <span class='ocrx_word' id='word_1_324' title='bbox 964 3023 995 3056; x_wconf 82' lang='lat' dir='ltr'><strong>ex</strong></span> <span class='ocrx_word' id='word_1_325' title='bbox 1008 3023 1057 3070; x_wconf 88' lang='lat' dir='ltr'><strong>eo,</strong></span> <span class='ocrx_word' id='word_1_326' title='bbox 1070 3003 1143 3075; x_wconf 87' lang='lat' dir='ltr'><strong>quod</strong></span> <span class='ocrx_word' id='word_1_327' title='bbox 1155 3009 1254 3072; x_wconf 77' lang='lat' dir='ltr'><strong>obliqua</strong></span> <span class='ocrx_word' id='word_1_328' title='bbox 1264 3009 1325 3058; x_wconf 81' lang='lat' dir='ltr'><strong>tibia</strong></span> <span class='ocrx_word' id='word_1_329' title='bbox 1336 3045 1344 3070; x_wconf 92' lang='lat'><strong>,</strong></span> <span class='ocrx_word' id='word_1_330' title='bbox 1355 3027 1402 3060; x_wconf 82' lang='lat' dir='ltr'><strong>seu</strong></span> 
     </span>
     <span class='ocr_line' id='line_1_32' title="bbox 321 3086 1401 3160; baseline 0.001 -18"><span class='ocrx_word' id='word_1_331' title='bbox 321 3093 477 3160; x_wconf 72' lang='lat' dir='ltr'><strong>plagiarlrrs,</strong></span> <span class='ocrx_word' id='word_1_332' title='bbox 492 3086 564 3140; x_wconf 89' lang='lat' dir='ltr'><strong>baud</strong></span> <span class='ocrx_word' id='word_1_333' title='bbox 576 3086 651 3139; x_wconf 88' lang='lat' dir='ltr'><strong>aliter</strong></span> <span class='ocrx_word' id='word_1_334' title='bbox 663 3105 693 3138; x_wconf 88' lang='lat' dir='ltr'><strong>uo</strong></span> <span class='ocrx_word' id='word_1_335' title='bbox 705 3099 776 3139; x_wconf 87' lang='lat' dir='ltr'><strong>recta</strong></span> <span class='ocrx_word' id='word_1_336' title='bbox 791 3087 869 3139; x_wconf 85' lang='lat' dir='ltr'><strong>etium</strong></span> <span class='ocrx_word' id='word_1_337' title='bbox 884 3086 946 3140; x_wconf 89' lang='lat' dir='ltr'><strong>tibia</strong></span> <span class='ocrx_word' id='word_1_338' title='bbox 958 3129 965 3154; x_wconf 97' lang='lat'><strong>,</strong></span> <span class='ocrx_word' id='word_1_339' title='bbox 979 3087 1116 3160; x_wconf 79' lang='lat' dir='ltr'><strong>Phrygum</strong></span> <span class='ocrx_word' id='word_1_340' title='bbox 1128 3089 1266 3142; x_wconf 82' lang='lat' dir='ltr'><strong>inventum</strong></span> <span class='ocrx_word' id='word_1_341' title='bbox 1278 3091 1342 3142; x_wconf 89' lang='lat' dir='ltr'><strong>olim</strong></span> <span class='ocrx_word' id='word_1_342' title='bbox 1354 3091 1401 3144; x_wconf 86' lang='lat' dir='ltr'><strong>ha·</strong></span> 
     </span>
     <span class='ocr_line' id='line_1_33' title="bbox 326 3169 1402 3245; baseline -0.001 -18"><span class='ocrx_word' id='word_1_343' title='bbox 326 3174 428 3243; x_wconf 83' lang='lat' dir='ltr'><strong>bitum,</strong></span> <span class='ocrx_word' id='word_1_344' title='bbox 441 3193 472 3226; x_wconf 87' lang='lat' dir='ltr'><strong>ac</strong></span> <span class='ocrx_word' id='word_1_345' title='bbox 486 3169 547 3224; x_wconf 87' lang='lat' dir='ltr'><strong>inde</strong></span> <span class='ocrx_word' id='word_1_346' title='bbox 561 3171 675 3223; x_wconf 76' lang='lat' dir='ltr'><strong>tibicinas</strong></span> <span class='ocrx_word' id='word_1_347' title='bbox 688 3169 767 3242; x_wconf 84' lang='lat' dir='ltr'><strong>vulgo</strong></span> <span class='ocrx_word' id='word_1_348' title='bbox 781 3173 895 3240; x_wconf 72' lang='lat' dir='ltr'><strong>Phrygiae</strong></span> <span class='ocrx_word' id='word_1_349' title='bbox 910 3183 935 3224; x_wconf 90' lang='lat' dir='ltr'><strong>et</strong></span> <span class='ocrx_word' id='word_1_350' title='bbox 949 3173 1098 3234; x_wconf 69' lang='lat' dir='ltr'><strong>Berecyntiae</strong></span> <span class='ocrx_word' id='word_1_351' title='bbox 1109 3172 1262 3244; x_wconf 80' lang='lat' dir='ltr'><strong>appellataa3</strong></span> <span class='ocrx_word' id='word_1_352' title='bbox 1277 3173 1402 3245; x_wconf 84' lang='lat' dir='ltr'><strong>quodque</strong></span> 
     </span>
     <span class='ocr_line' id='line_1_34' title="bbox 325 3239 1403 3326; baseline -0.002 -19"><span class='ocrx_word' id='word_1_353' title='bbox 325 3255 450 3326; x_wconf 84' lang='lat' dir='ltr'><strong>pleraque</strong></span> <span class='ocrx_word' id='word_1_354' title='bbox 469 3251 511 3302; x_wconf 90' lang='lat' dir='ltr'><strong>illa</strong></span> <span class='ocrx_word' id='word_1_355' title='bbox 532 3239 666 3322; x_wconf 64' lang='lat' dir='ltr'><strong>iyxapdrr,</strong></span> <span class='ocrx_word' id='word_1_356' title='bbox 683 3249 725 3302; x_wconf 84' lang='lat' dir='ltr'><strong>vel</strong></span> <span class='ocrx_word' id='word_1_357' title='bbox 738 3241 840 3320; x_wconf 58' lang='lat' dir='ltr'><strong>iil-qai,</strong></span> <span class='ocrx_word' id='word_1_358' title='bbox 856 3263 973 3304; x_wconf 83' lang='lat' dir='ltr'><strong>veterum</strong></span> <span class='ocrx_word' id='word_1_359' title='bbox 989 3269 1085 3322; x_wconf 79' lang='lat' dir='ltr'><strong>organa</strong></span> <span class='ocrx_word' id='word_1_360' title='bbox 1104 3252 1241 3322; x_wconf 82' lang='lat' dir='ltr'><strong>peregrina</strong></span> <span class='ocrx_word' id='word_1_361' title='bbox 1257 3253 1351 3318; x_wconf 84' lang='lat' dir='ltr'><strong>luere,</strong></span> <span class='ocrx_word' id='word_1_362' title='bbox 1372 3273 1403 3305; x_wconf 86' lang='lat' dir='ltr'><strong>ex</strong></span> 
     </span>
     <span class='ocr_line' id='line_1_35' title="bbox 327 3332 1403 3406; baseline -0.001 -17"><span class='ocrx_word' id='word_1_363' title='bbox 327 3337 373 3390; x_wconf 89' lang='lat' dir='ltr'><strong>illo</strong></span> <span class='ocrx_word' id='word_1_364' title='bbox 382 3347 482 3399; x_wconf 88' lang='lat' dir='ltr'><strong>tractu,</strong></span> <span class='ocrx_word' id='word_1_365' title='bbox 495 3332 578 3406; x_wconf 79' lang='lat' dir='ltr'><strong>Syrie</strong></span> <span class='ocrx_word' id='word_1_366' title='bbox 587 3351 682 3404; x_wconf 86' lang='lat' dir='ltr'><strong>nempe</strong></span> <span class='ocrx_word' id='word_1_367' title='bbox 693 3351 723 3384; x_wconf 91' lang='lat' dir='ltr'><strong>ac</strong></span> <span class='ocrx_word' id='word_1_368' title='bbox 732 3332 890 3399; x_wconf 76' lang='lat' dir='ltr'><strong>Pboeniciae,</strong></span> <span class='ocrx_word' id='word_1_369' title='bbox 903 3332 1009 3386; x_wconf 89' lang='lat' dir='ltr'><strong>undeet</strong></span> <span class='ocrx_word' id='word_1_370' title='bbox 1020 3334 1128 3386; x_wconf 83' lang='lat' dir='ltr'><strong>barbara</strong></span> <span class='ocrx_word' id='word_1_371' title='bbox 1141 3333 1173 3386; x_wconf 88' lang='lat' dir='ltr'><strong>iis</strong></span> <span class='ocrx_word' id='word_1_372' title='bbox 1185 3333 1267 3386; x_wconf 88' lang='lat' dir='ltr'><strong>indita</strong></span> <span class='ocrx_word' id='word_1_373' title='bbox 1278 3336 1403 3401; x_wconf 87' lang='lat' dir='ltr'><strong>nomina,</strong></span> 
     </span>
     <span class='ocr_line' id='line_1_36' title="bbox 328 3417 1402 3488; baseline -0.001 -17"><span class='ocrx_word' id='word_1_374' title='bbox 328 3419 401 3471; x_wconf 84' lang='lat' dir='ltr'><strong>verb.</strong></span> <span class='ocrx_word' id='word_1_375' title='bbox 414 3435 515 3482; x_wconf 71' lang='lat' dir='ltr'><strong>caussa,</strong></span> <span class='ocrx_word' id='word_1_376' title='bbox 527 3419 614 3476; x_wconf 74' lang='lat' dir='ltr'><strong>nabla,</strong></span> <span class='ocrx_word' id='word_1_377' title='bbox 626 3417 739 3470; x_wconf 76' lang='lat' dir='ltr'><strong>barbitos.</strong></span> <span class='ocrx_word' id='word_1_378' title='bbox 750 3419 875 3485; x_wconf 70' lang='lat' dir='ltr'><strong>rhagadis,</strong></span> <span class='ocrx_word' id='word_1_379' title='bbox 883 3420 1042 3484; x_wconf 72' lang='lat' dir='ltr'><strong>psalterium,</strong></span> <span class='ocrx_word' id='word_1_380' title='bbox 1053 3420 1182 3477; x_wconf 75' lang='lat' dir='ltr'><strong>sambuca,</strong></span> <span class='ocrx_word' id='word_1_381' title='bbox 1192 3419 1289 3468; x_wconf 79' lang='lat' dir='ltr'><strong>cithara</strong></span> <span class='ocrx_word' id='word_1_382' title='bbox 1300 3421 1402 3488; x_wconf 64' lang='lat' dir='ltr'><strong>(m).</strong></span> 
     </span>
     <span class='ocr_line' id='line_1_37' title="bbox 327 3489 1405 3574; baseline -0.002 -19"><span class='ocrx_word' id='word_1_383' title='bbox 327 3501 468 3574; x_wconf 78' lang='lat' dir='ltr'><strong>insigniter</strong></span> <span class='ocrx_word' id='word_1_384' title='bbox 483 3500 537 3553; x_wconf 87' lang='lat' dir='ltr'><strong>buc</strong></span> <span class='ocrx_word' id='word_1_385' title='bbox 552 3500 614 3553; x_wconf 86' lang='lat' dir='ltr'><strong>lacit</strong></span> <span class='ocrx_word' id='word_1_386' title='bbox 628 3498 699 3562; x_wconf 80' lang='lat' dir='ltr'><strong>Livii</strong></span> <span class='ocrx_word' id='word_1_387' title='bbox 717 3489 790 3553; x_wconf 83' lang='lat' dir='ltr'><strong>locus</strong></span> <span class='ocrx_word' id='word_1_388' title='bbox 803 3499 940 3566; x_wconf 83' lang='lat' dir='ltr'><strong>XXXIX,</strong></span> <span class='ocrx_word' id='word_1_389' title='bbox 953 3503 987 3567; x_wconf 90' lang='lat'><strong>6,</strong></span> <span class='ocrx_word' id='word_1_390' title='bbox 1007 3500 1071 3566; x_wconf 89' lang='lat' dir='ltr'><strong>ubi,</strong></span> <span class='ocrx_word' id='word_1_391' title='bbox 1085 3501 1206 3558; x_wconf 63' lang='lat' dir='ltr'><strong>maria,</strong></span> <span class='ocrx_word' id='word_1_392' title='bbox 1222 3500 1258 3552; x_wconf 89' lang='lat' dir='ltr'><strong>ait</strong></span> <span class='ocrx_word' id='word_1_393' title='bbox 1264 3505 1405 3571; x_wconf 68' lang='lat' dir='ltr'><strong>peregrinae</strong></span> 
     </span>
     <span class='ocr_line' id='line_1_38' title="bbox 328 3583 1403 3656; baseline 0.002 -19"><span class='ocrx_word' id='word_1_394' title='bbox 328 3589 395 3655; x_wconf 72' lang='lat' dir='ltr'><strong>origo</strong></span> <span class='ocrx_word' id='word_1_395' title='bbox 411 3589 444 3636; x_wconf 81' lang='lat' dir='ltr'><strong>ab</strong></span> <span class='ocrx_word' id='word_1_396' title='bbox 458 3586 563 3635; x_wconf 75' lang='lat' dir='ltr'><strong>exercitu</strong></span> <span class='ocrx_word' id='word_1_397' title='bbox 575 3585 685 3634; x_wconf 83' lang='lat' dir='ltr'><strong>Asiatico</strong></span> <span class='ocrx_word' id='word_1_398' title='bbox 700 3586 793 3634; x_wconf 80' lang='lat' dir='ltr'><strong>inrecta</strong></span> <span class='ocrx_word' id='word_1_399' title='bbox 806 3585 831 3633; x_wconf 83' lang='lat' dir='ltr'><strong>irs</strong></span> <span class='ocrx_word' id='word_1_400' title='bbox 844 3587 929 3633; x_wconf 70' lang='lat' dir='ltr'><strong>Urbem</strong></span> <span class='ocrx_word' id='word_1_401' title='bbox 942 3597 994 3642; x_wconf 73' lang='lat' dir='ltr'><strong>est:</strong></span> <span class='ocrx_word' id='word_1_402' title='bbox 1014 3583 1161 3656; x_wconf 82' lang='lat' dir='ltr'><strong>omissaque</strong></span> <span class='ocrx_word' id='word_1_403' title='bbox 1180 3583 1216 3635; x_wconf 90' lang='lat' dir='ltr'><strong>ibi</strong></span> <span class='ocrx_word' id='word_1_404' title='bbox 1235 3585 1308 3636; x_wconf 87' lang='lat' dir='ltr'><strong>omni</strong></span> <span class='ocrx_word' id='word_1_405' title='bbox 1323 3586 1403 3639; x_wconf 84' lang='lat' dir='ltr'><strong>tibia·</strong></span> 
     </span>
     <span class='ocr_line' id='line_1_39' title="bbox 327 3666 1405 3734; baseline -0.002 -12"><span class='ocrx_word' id='word_1_406' title='bbox 327 3687 386 3722; x_wconf 85' lang='lat' dir='ltr'><strong>rum</strong></span> <span class='ocrx_word' id='word_1_407' title='bbox 407 3679 453 3722; x_wconf 85' lang='lat' dir='ltr'><strong>aut</strong></span> <span class='ocrx_word' id='word_1_408' title='bbox 465 3668 604 3720; x_wconf 86' lang='lat' dir='ltr'><strong>tibicinum</strong></span> <span class='ocrx_word' id='word_1_409' title='bbox 618 3666 767 3731; x_wconf 83' lang='lat' dir='ltr'><strong>mentione,</strong></span> <span class='ocrx_word' id='word_1_410' title='bbox 786 3679 836 3716; x_wconf 82' lang='lat' dir='ltr'><strong>eam</strong></span> <span class='ocrx_word' id='word_1_411' title='bbox 843 3669 958 3734; x_wconf 72' lang='lat' dir='ltr'><strong>psaltria</strong></span> <span class='ocrx_word' id='word_1_412' title='bbox 971 3668 1194 3734; x_wconf 76' lang='lat' dir='ltr'><strong>aarnbrrcistrioeqas</strong></span> <span class='ocrx_word' id='word_1_413' title='bbox 1212 3681 1236 3717; x_wconf 81' lang='lat' dir='ltr'><strong>et</strong></span> <span class='ocrx_word' id='word_1_414' title='bbox 1253 3671 1405 3720; x_wconf 79' lang='lat' dir='ltr'><strong>aaravirialia</strong></span> 
     </span>
     <span class='ocr_line' id='line_1_40' title="bbox 327 3739 1405 3821; baseline 0.002 -19"><span class='ocrx_word' id='word_1_415' title='bbox 327 3753 451 3802; x_wconf 83' lang='lat' dir='ltr'><strong>ludicrum</strong></span> <span class='ocrx_word' id='word_1_416' title='bbox 462 3753 637 3802; x_wconf 77' lang='lat' dir='ltr'><strong>oblectamenta</strong></span> <span class='ocrx_word' id='word_1_417' title='bbox 648 3751 735 3799; x_wconf 82' lang='lat' dir='ltr'><strong>addita</strong></span> <span class='ocrx_word' id='word_1_418' title='bbox 747 3752 833 3816; x_wconf 84' lang='lat' dir='ltr'><strong>epulis.</strong></span> <span class='ocrx_word' id='word_1_419' title='bbox 847 3749 1006 3802; x_wconf 76' lang='lat' dir='ltr'><strong>sambucum</strong></span> <span class='ocrx_word' id='word_1_420' title='bbox 1020 3769 1083 3801; x_wconf 88' lang='lat' dir='ltr'><strong>vero</strong></span> <span class='ocrx_word' id='word_1_421' title='bbox 1093 3739 1221 3821; x_wconf 80' lang='lat' dir='ltr'><strong>lrigouale</strong></span> <span class='ocrx_word' id='word_1_422' title='bbox 1231 3750 1294 3811; x_wconf 84' lang='lat' dir='ltr'><strong>fuit,</strong></span> <span class='ocrx_word' id='word_1_423' title='bbox 1307 3763 1405 3804; x_wconf 86' lang='lat' dir='ltr'><strong>etcum</strong></span> 
     </span>
     <span class='ocr_line' id='line_1_41' title="bbox 329 3831 1405 3906; baseline 0.003 -22"><span class='ocrx_word' id='word_1_424' title='bbox 329 3831 501 3904; x_wconf 69' lang='lat' dir='ltr'><strong>inequalibus</strong></span> <span class='ocrx_word' id='word_1_425' title='bbox 514 3833 601 3886; x_wconf 82' lang='lat' dir='ltr'><strong>nervis</strong></span> <span class='ocrx_word' id='word_1_426' title='bbox 612 3873 618 3896; x_wconf 87' lang='lat'><strong>,</strong></span> <span class='ocrx_word' id='word_1_427' title='bbox 630 3850 678 3887; x_wconf 84' lang='lat' dir='ltr'><strong>seu</strong></span> <span class='ocrx_word' id='word_1_428' title='bbox 692 3832 815 3897; x_wconf 82' lang='lat' dir='ltr'><strong>chordis3</strong></span> <span class='ocrx_word' id='word_1_429' title='bbox 831 3832 937 3904; x_wconf 89' lang='lat' dir='ltr'><strong>obliqua</strong></span> <span class='ocrx_word' id='word_1_430' title='bbox 953 3833 1030 3884; x_wconf 89' lang='lat' dir='ltr'><strong>etiam</strong></span> <span class='ocrx_word' id='word_1_431' title='bbox 1045 3832 1098 3904; x_wconf 88' lang='lat' dir='ltr'><strong>ipsa</strong></span> <span class='ocrx_word' id='word_1_432' title='bbox 1118 3833 1198 3906; x_wconf 82' lang='lat' dir='ltr'><strong>lyrae,</strong></span> <span class='ocrx_word' id='word_1_433' title='bbox 1219 3852 1265 3886; x_wconf 87' lang='lat' dir='ltr'><strong>seu</strong></span> <span class='ocrx_word' id='word_1_434' title='bbox 1279 3833 1405 3900; x_wconf 68' lang='lat' dir='ltr'><strong>cithare,</strong></span> 
     </span>
     <span class='ocr_line' id='line_1_42' title="bbox 329 3904 1401 3986; baseline 0.006 -26"><span class='ocrx_word' id='word_1_435' title='bbox 329 3910 492 3982; x_wconf 85' lang='lat' dir='ltr'><strong>aliorumque</strong></span> <span class='ocrx_word' id='word_1_436' title='bbox 504 3911 532 3964; x_wconf 94' lang='lat' dir='ltr'><strong>id</strong></span> <span class='ocrx_word' id='word_1_437' title='bbox 545 3931 626 3983; x_wconf 77' lang='lat' dir='ltr'><strong>genus</strong></span> <span class='ocrx_word' id='word_1_438' title='bbox 639 3904 771 3986; x_wconf 59' lang='lat' dir='ltr'><strong>iyxa&#39;pdrrr</strong></span> <span class='ocrx_word' id='word_1_439' title='bbox 784 3913 1005 3964; x_wconf 84' lang='lat' dir='ltr'><strong>intrurueutorum</strong></span> <span class='ocrx_word' id='word_1_440' title='bbox 1020 3911 1099 3964; x_wconf 86' lang='lat' dir='ltr'><strong>latera</strong></span> <span class='ocrx_word' id='word_1_441' title='bbox 1113 3925 1138 3964; x_wconf 90' lang='lat' dir='ltr'><strong>et</strong></span> <span class='ocrx_word' id='word_1_442' title='bbox 1151 3931 1248 3965; x_wconf 88' lang='lat' dir='ltr'><strong>cornua</strong></span> <span class='ocrx_word' id='word_1_443' title='bbox 1259 3953 1267 3980; x_wconf 96' lang='lat'><strong>,</strong></span> <span class='ocrx_word' id='word_1_444' title='bbox 1279 3933 1401 3982; x_wconf 72' lang='grc' dir='ltr'>ηχιια,</span> 
     </span>
     <span class='ocr_line' id='line_1_43' title="bbox 329 3985 1399 4066; baseline 0.007 -28"><span class='ocrx_word' id='word_1_445' title='bbox 329 3985 435 4056; x_wconf 72' lang='lat' dir='ltr'><strong>aiprqa,</strong></span> <span class='ocrx_word' id='word_1_446' title='bbox 447 3989 549 4044; x_wconf 87' lang='lat' dir='ltr'><strong>Polluc.</strong></span> <span class='ocrx_word' id='word_1_447' title='bbox 564 4010 622 4062; x_wconf 78' lang='lat' dir='ltr'><strong>pag.</strong></span> <span class='ocrx_word' id='word_1_448' title='bbox 639 3993 718 4064; x_wconf 85' lang='lat'>187.·</span> <span class='ocrx_word' id='word_1_449' title='bbox 738 3991 815 4044; x_wconf 83' lang='lat' dir='ltr'><strong>cont.</strong></span> <span class='ocrx_word' id='word_1_450' title='bbox 832 3987 1007 4062; x_wconf 79' lang='lat' dir='ltr'><strong>spanhemius</strong></span> <span class='ocrx_word' id='word_1_451' title='bbox 1020 3991 1053 4045; x_wconf 89' lang='lat' dir='ltr'><strong>ad</strong></span> <span class='ocrx_word' id='word_1_452' title='bbox 1067 3992 1276 4058; x_wconf 86' lang='lat' dir='ltr'><strong>Callimachum,</strong></span> <span class='ocrx_word' id='word_1_453' title='bbox 1296 3994 1399 4066; x_wconf 77' lang='lat' dir='ltr'><strong>llymm</strong></span> 
     </span>
     <span class='ocr_line' id='line_1_44' title="bbox 328 4067 1406 4147; baseline 0.01 -28"><span class='ocrx_word' id='word_1_454' title='bbox 328 4067 357 4119; x_wconf 90' lang='lat' dir='ltr'><strong>in</strong></span> <span class='ocrx_word' id='word_1_455' title='bbox 368 4067 494 4136; x_wconf 89' lang='lat' dir='ltr'><strong>Dianam,</strong></span> <span class='ocrx_word' id='word_1_456' title='bbox 508 4091 576 4125; x_wconf 82' lang='lat' dir='ltr'><strong>vera.</strong></span> <span class='ocrx_word' id='word_1_457' title='bbox 593 4073 748 4138; x_wconf 69' lang='lat' dir='ltr'><strong>aii—246,</strong></span> <span class='ocrx_word' id='word_1_458' title='bbox 761 4086 786 4127; x_wconf 87' lang='lat' dir='ltr'><strong>ct</strong></span> <span class='ocrx_word' id='word_1_459' title='bbox 797 4074 923 4147; x_wconf 82' lang='lat' dir='ltr'><strong>bottiger.</strong></span> <span class='ocrx_word' id='word_1_460' title='bbox 937 4075 964 4127; x_wconf 92' lang='lat' dir='ltr'><strong>iu</strong></span> <span class='ocrx_word' id='word_1_461' title='bbox 976 4075 1114 4129; x_wconf 90' lang='lat' dir='ltr'><strong>Wielandi</strong></span> <span class='ocrx_word' id='word_1_462' title='bbox 1127 4076 1215 4130; x_wconf 79' lang='lat' dir='ltr'><strong>Attico</strong></span> <span class='ocrx_word' id='word_1_463' title='bbox 1226 4075 1330 4142; x_wconf 82' lang='lat' dir='ltr'><strong>Museo,</strong></span> <span class='ocrx_word' id='word_1_464' title='bbox 1345 4090 1365 4131; x_wconf 92' lang='lat' dir='ltr'><strong>t.</strong></span> <span class='ocrx_word' id='word_1_465' title='bbox 1376 4079 1406 4144; x_wconf 90' lang='lat'><strong>1,</strong></span> 
     </span>
    </p>
   </div>
   <div class='ocr_carea' id='block_1_7' title="bbox 1516 4181 1519 4240">
    <p class='ocr_par' dir='ltr' id='par_1_9' title="bbox 1516 4181 1519 4240">
     <span class='ocr_line' id='line_1_45' title="bbox 1516 4181 1519 4240; baseline 0 0"><span class='ocrx_word' id='word_1_466' title='bbox 1516 4181 1519 4240; x_wconf 86' lang='lat' dir='ltr'><strong>l</strong></span> 
     </span>
    </p>
   </div>
   <div class='ocr_carea' id='block_1_8' title="bbox 0 0 1570 4986">
    <p class='ocr_par' dir='ltr' id='par_1_10' title="bbox 0 0 1570 4986">
     <span class='ocr_line' id='line_1_46' title="bbox 0 0 1570 4986; baseline 0 0"><span class='ocrx_word' id='word_1_467' title='bbox 0 0 1570 4986; x_wconf 95' lang='lat' dir='ltr'><strong> </strong></span> 
     </span>
    </p>
   </div>
  </div>
 </body>
</html>
