3056 4984
325 463 387 529 352
596 465 637 528 D.
666 464 804 530 IUNII
832 465 1118 532 JUVENALIS

322 577 417 646 Tolle
425 577 1125 676 tuum,precor,Hannibalem,sictumque
1134 585 1323 678 Syphacem
1343 619 1388 672 170

319 691 362 756 In
379 687 515 772 castris,
529 701 565 756 et
580 713 657 756 cum
675 704 745 758 tota
759 689 963 784 Carthagine
979 693 1095 785 migra.

370 798 488 880 Parce,
505 821 638 890 precor,
656 801 770 884 Paean,
786 814 821 869 et
838 814 889 885 tu,
904 802 992 887 Dea,
1009 826 1098 895 ponc
1112 804 1265 898 sagittas,

319 906 377 978 Nil
389 906 490 1000 pueri
504 904 647 992 faciunt,
663 907 768 1002 ipsam
784 907 944 1001 configite
959 907 1115 979 matrem!

318 1017 489 1109 Amphion
504 1014 625 1084 clamat
642 1041 649 1082 :
667 1016 725 1086 sed
742 1018 840 1086 Paean
860 1019 1031 1086 contrahit
1046 1043 1172 1089 arcum.

317 1124 446 1195 Extulit
459 1148 539 1218 ergo
555 1147 675 1218 greges
689 1142 867 1210 natorum,
884 1126 1063 1220 ipsumque
1080 1144 1277 1222 parentem,
1338 1145 1381 1218 ¹7⁵
1496 1135 1497 1144 ’

316 1237 408 1304 Dum
423 1233 487 1304 sibi
502 1233 647 1302 nobilior
661 1236 799 1304 Latonae
815 1249 917 1328 gente
934 1234 1082 1323 videtur,

316 1348 427 1440 Atque
442 1343 558 1412 eadem
577 1343 689 1412 scrofa
704 1345 816 1414 Niobe
830 1343 1011 1413 fecundior
1026 1346 1109 1415 alba.

315 1456 399 1543 Quae
414 1456 497 1525 tanti
512 1455 672 1548 gravitas,
688 1479 761 1548 quae
778 1453 902 1541 forma,
916 1471 954 1524 ut
968 1479 1004 1525 se
1018 1458 1078 1525 tibi
1091 1481 1225 1552 semper

314 1564 487 1660 imputet?
502 1564 603 1658 hujus
619 1564 709 1632 enim
727 1564 793 1631 rari
809 1565 997 1658 summique
1012 1565 1168 1660 voluptas

314 1675 417 1746 Nulla
430 1676 530 1760 boni,'
546 1675 678 1768 quoties
694 1674 807 1742 animo
824 1689 983 1767 corrupta
998 1676 1145 1768 superbo
1335 1694 1379 1746 180

314 1783 392 1853 Plus
408 1782 512 1869 aloem
528 1807 628 1878 quarn
642 1782 749 1851 mellis
765 1783 876 1851 habet.
893 1784 977 1871 Quis
992 1782 1124 1852 deditus
1141 1798 1256 1854 autem

313 1897 431 1989 Usque
445 1895 530 1964 adeo
544 1909 612 1981 est,
628 1909 668 1962 ut
684 1919 752 1962 non
769 1893 874 1980 illam,
891 1920 991 1988 quam
1008 1895 1161 1964 laudibus
1175 1895 1296 1984 effert,

313 2009 476 2090 Horreat,
492 2005 594 2099 inque
611 2004 665 2074 die
683 2005 829 2099 septenis
846 2005 958 2074 oderit
974 2005 1091 2075 horis?

360 2115 522 2203 Quasdam
538 2137 641 2209 parva
655 2114 808 2208 quidem,
822 2116 881 2184 sed
896 2141 965 2185 non
983 2115 1157 2185 toleranda
1175 2118 1312 2186 maritis.

312 2229 400 2298 Nam
418 2227 499 2324 quid
516 2226 698 2314 rancidiuS,
714 2251 814 2320 quam
830 2225 923 2320 quod
937 2249 973 2297 se
989 2251 1057 2294 non
1076 2241 1172 2320 putat
1189 2226 1258 2296 ulla
1331 2243 1376 2297 185

310 2452 410 2508 Valeas
430 2473 496 2509 cum
519 2463 571 2508 tuo
592 2450 753 2507 Hannibale
769 2470 802 2506 ac
821 2451 951 2526 Syphace
969 2451 1067 2508 castris
1085 2462 1190 2521 exuto,
1210 2461 1239 2507 ct
1254 2450 1321 2506 hinc
1335 2451 1377 2506 abi
1496 2499 1497 2504 ,

311 2563 376 2600 cum
389 2544 498 2600 domita
516 2554 545 2600 et
562 2543 678 2600 subacta
698 2541 877 2617 Cartbagine.

354 2654 418 2706 ¹7²·
445 2632 592 2708 Amphion
617 2635 780 2690 exclamat:
801 2635 939 2709 Ignosce,
962 2651 1076 2707 quaeso,
1099 2635 1225 2709 Apollo;
1247 2645 1276 2690 et
1293 2645 1342 2701 tu,
1361 2654 1378 2689 o
1496 2697 1497 2702 ἵ

311 2726 418 2798 Diana,
432 2725 547 2802 sagittas
558 2724 669 2797 abjice3
687 2723 758 2779 nihil
774 2725 830 2780 mei
844 2726 928 2782 liberi
941 2737 1131 2799 peccaverunt
1145 2747 1152 2781 ε
1166 2725 1255 2800 ipsam
1270 2727 1378 2782 Nioben
1496 2719 1497 2788 ᾗ

310 2819 374 2875 telis
388 2817 490 2875 vestris
505 2817 655 2892 perimitc;
673 2816 731 2872 sed·
744 2817 867 2873 Phoebus
886 2835 984 2873 arcum
1006 2815 1172 2886 contendit,
1192 2837 1226 2874 ac
1247 2829 1378 2892 torquere
1496 2831 1497 2888 j

310 2913 366 2968 tela
382 2911 487 2988 pergit.
506 2909 554 2968 Sic
570 2909 731 2983 complures
750 2907 840 2980 filios,
861 2920 945 2983 atquc
966 2908 1039 2964 adeo
1058 2908 1175 2964 illorum
1190 2919 1300 2982 patrem
1314 2929 1378 2984 per-
1496 2903 1497 2906 ¹

310 3002 386 3059 didit
400 3003 511 3072 Niobe,
531 3020 595 3076 quae
612 3000 676 3056 alba
692 3019 782 3074 porca
796 3001 960 3069 fecundior,
979 3019 1009 3057 se
1022 3003 1138 3057 Latonae
1149 2999 1215 3058 filiis
1225 3013 1378 3076 antepone-
1496 3015 1497 3080 t

310 3097 376 3167 bat,
387 3115 419 3152 ac
431 3094 611 3151 nobilitatem
623 3082 703 3148 suam
715 3092 891 3148 venditabat.
908 3093 996 3148 Estne
1008 3093 1065 3147 ulla
1076 3093 1184 3163 virtus,
1195 3105 1244 3150 aut
1260 3095 1378 3168 pulchri·
1496 3167 1497 3170 Ἴ

309 3186 382 3243 tudo
392 3186 422 3243 in
432 3185 552 3242 muliere
559 3185 631 3241 tanti
641 3184 818 3252 aestimanda,
827 3184 936 3241 utvelis
946 3183 1055 3241 idcirco
1067 3185 1126 3260 poti
1135 3185 1195 3259 ejus
1204 3187 1376 3260 superbiam,

310 3279 380 3336 dum
391 3277 539 3334 insultabit
552 3276 622 3347 tibi,
639 3277 728 3350 idque
740 3275 859 3348 jactabit
873 3277 952 3332 velut
966 3275 1067 3351 ingens
1080 3275 1267 3345 beneficium,
1283 3288 1312 3334 et
1324 3279 1376 3332 im-

308 3369 432 3427 merenti
445 3370 558 3438 datum,
575 3367 655 3442 quod
670 3387 729 3425 esse
743 3379 791 3424 tua
804 3367 952 3424 voluerit?
969 3369 1037 3423 Esto
1052 3368 1145 3441 enim,
1165 3369 1295 3443 quamvis
1311 3389 1376 3426 con-

309 3463 408 3520 cedam
425 3459 571 3536 pudicitiae
589 3471 618 3516 et
635 3461 735 3517 forma
754 3460 956 3529 concordiam,
977 3478 1074 3515 rarum
1093 3479 1202 3518 esseae
1222 3461 1374 3518 maximum

308 3557 338 3611 in
356 3554 476 3611 muliere
495 3552 620 3622 bonurn,
637 3552 721 3626 hujus
738 3563 833 3608 tamen
851 3551 921 3608 boni
938 3550 1047 3606 fructus
1066 3553 1131 3626 capi
1149 3554 1246 3609 nullus
1267 3565 1375 3628 potest,

309 3647 421 3722 quoties
435 3645 555 3716 semina,
571 3645 728 3720 depravato
743 3663 796 3717 per
809 3643 972 3718 superbiam
987 3643 1099 3713 animo,
1119 3647 1183 3720 plus
1200 3648 1292 3702 multo
1305 3666 1375 3704 acer-

308 3739 420 3807 bitatis,
433 3755 519 3811 quam
530 3735 677 3792 suavitatis
687 3736 784 3792 habet.
801 3736 905 3810 Ecquis
917 3755 988 3792 vero
1005 3736 1146 3810 ejusmodi
1157 3739 1244 3794 uxori
1254 3739 1326 3794 adeo
1336 3751 1375 3794 cst

307 3830 451 3901 addictus,
464 3839 497 3884 ut
509 3828 653 3900 eamdem,
672 3846 756 3902 quam
773 3829 878 3902 probat
898 3827 1051 3901 laudatque
1070 3827 1171 3898 simul,
1185 3830 1250 3904 plus
1261 3830 1373 3887 dimidia

308 3921 366 3978 diei
382 3933 463 3996 parte
477 3939 537 3977 non
551 3930 698 3977 aversetur
710 3930 796 3993 atque
810 3917 925 3974 oderit?

351 4015 415 4082 184.
436 4014 511 4069 Sunt
523 4013 554 4068 in
567 4012 721 4068 mulierum
735 4011 812 4067 vitiis
825 4011 879 4066 alia
892 4012 1030 4068 nonnulla
1043 4011 1160 4068 levioris
1176 4013 1294 4086 quidem
1310 4033 1370 4069 mo·

307 4105 411 4174 menti,
423 4104 473 4160 sed
484 4123 547 4178 quae
558 4103 667 4160 maritis
678 4121 738 4158 non
750 4103 853 4158 leviter
864 4113 930 4157 sunt
941 4103 1070 4159 molesta.
1084 4101 1164 4178 Quid
1175 4103 1267 4174 enim,
1282 4125 1368 4163 excru-

306 4195 349 4272 pli
357 4212 465 4265 caussa,
479 4193 621 4268 putidius,
633 4213 718 4268 quarn
729 4189 808 4269 quod
818 4193 897 4250 nulla
905 4213 935 4250 se
943 4195 1092 4268 pulchram
1099 4206 1128 4252 ct
1138 4208 1269 4254 ornatam
1277 4208 1367 4272 putat,
