3130 4986
302 441 344 505 92
574 425 615 488 D.
645 424 782 488 JUNlI
810 422 1093 492 JUVENALIS

302 541 321 605 J
324 539 480 633 ugeribus
497 541 621 632 campi,
638 563 738 632 quem
755 537 908 635 negligis!
927 541 1078 611 officium
1094 568 1165 612 cras

304 648 417 715 Primo
433 646 500 716 sole
516 649 598 716 mihi
615 650 843 743 peragendum
861 653 895 718 in
912 652 996 721 valle
1011 654 1157 741 Quirini.

303 759 388 845 Quae
405 783 518 828 caussa
534 758 658 828 officii?
673 761 753 854 quid
770 762 908 854 quaeris?
923 767 1019 834 nubit
1034 767 1179 852 amicus,

305 869 379 936 Nec
395 868 515 939 multos
531 871 689 939 adhibet:
707 870 805 940 liceat
820 873 920 940 modo
936 876 1067 962 vivere3
1084 874 1184 960 fient,
1321 885 1373 939 13⁵

304 977 402 1046 Fient
418 979 479 1047 ista
495 979 619 1073 palam,
637 982 776 1074 cupient
791 995 825 1050 et
840 983 875 1049 in
891 997 965 1052 acta
980 982 1109 1052 referri.
1284 985 1288 996 '

305 1087 439 1155 Interea
455 1104 658 1159 tormentum
675 1090 794 1186 ingens
810 1090 1012 1160 nubentibus
1029 1091 1148 1178 haeret,

305 1193 408 1281 Quod
422 1213 596 1291 nequeunt
611 1224 747 1292 parere,
764 1215 798 1268 et
813 1215 913 1293 partu
930 1201 1075 1268 retinere
1090 1201 1239 1274 maritos.¹

307 1304 371 1371 Sed
389 1306 523 1391 melius,
540 1309 630 1403 quod
646 1309 694 1377 nil
711 1310 829 1378 animis
846 1313 879 1378 in
897 1335 1040 1405 corpora
1053 1312 1138 1404 juris

308 1415 438 1482 Natura
454 1417 626 1514 indulget:
644 1417 772 1488 steriles
788 1420 993 1505 moriuntur,
1010 1436 1045 1489 et
1061 1419 1126 1488 illis
1325 1438 1377 1494 rto

308 1523 455 1618 Turgida
471 1551 540 1594 non
557 1529 693 1620 prodest
709 1528 844 1598 condita
860 1529 979 1622 pyxide
996 1529 1108 1622 Lyde,

309 1634 383 1701 Nec
399 1636 536 1727 prodest
551 1635 629 1730 agili
645 1637 770 1731 palmas
787 1638 935 1730 praebere
952 1640 1121 1731 Luperco.

357 1743 449 1812 Vicit
465 1759 498 1812 et
514 1745 579 1814 hoc
594 1761 780 1816 monstrum
796 1749 936 1816 tunicati
952 1747 1082 1816 fuscina
1097 1748 1263 1834 Gracchi,

310 1853 546 1948 Lustravitque
563 1854 642 1950 luga
657 1857 800 1926 mediam
817 1856 981 1951 gladiator
996 1881 1146 1943 arenam,

311 1965 355 2031 Et
368 1963 564 2057 Capitolinis
581 1967 791 2060 generosior,
809 1981 842 2034 et
858 1965 1043 2054 Marcellis,
1328 1977 1379 2041 ¹4⁵

311 2124 431 2191 incutis,
445 2144 539 2200 neque
555 2126 632 2200 apud
647 2129 749 2182 lovem
762 2137 873 2200 patrem
886 2137 968 2183 tuum
980 2128 1131 2202 quereris?
1143 2127 1330 2203 radeigitur,
1350 2137 1383 2184 et

313 2215 382 2272 cede
399 2216 450 2273 illo
464 2236 565 2292 carnpo
583 2219 706 2288 martio,
720 2237 779 2294 quo
801 2237 916 2274 severus
927 2217 1104 2292 judiciorum
1118 2237 1323 2292 armorumque
1337 2218 1381 2273 la-

313 2308 369 2364 bor
384 2311 585 2378 exercetur,si
602 2313 764 2382 Romanos,
777 2311 827 2386 qui
845 2311 900 2366 tibi
913 2313 989 2368 hunc
1009 2323 1170 2379 sacrarunt,
1187 2312 1226 2366 ita
1248 2312 1381 2388 negligis.

313 2403 446 2470 -Cras,
458 2403 553 2478 inquit
561 2424 635 2461 unus
648 2424 684 2461 ex
695 2404 740 2462 his
753 2405 934 2473 horninibus,
949 2403 1077 2460 officium
1089 2404 1181 2461 amieo
1192 2422 1275 2459 mane
1283 2404 1383 2478 primo

314 2497 492 2572 praestiturus
498 2515 561 2552 sum
569 2498 600 2552 in
608 2497 1005 2571 ralleQuirinali.-thuod
1012 2495 1101 2553 officii
1107 2513 1196 2572 genus
1203 2495 1384 2570 praestitnms

315 2609 345 2645 es
355 2590 461 2659 amico,
474 2601 557 2665 rogat
570 2592 665 2647 alter?
680 2591 809 2662 -Quid
825 2591 973 2647 enimvero
992 2589 1023 2644 id
1040 2607 1136 2659 curas„
1150 2585 1305 2661 respondet
1314 2586 1383 2642 ille?

315 2681 436 2753 amicus,
447 2683 526 2738 velut
535 2701 627 2753 uxor,
640 2684 697 2746 viri
710 2685 925 2741 matrimonium
935 2683 1006 2748 init,
1023 2693 1051 2738 et
1062 2699 1166 2755 paucos
1178 2691 1263 2738 testes
1276 2689 1381 2746 vocat,

315 2794 352 2832 ne
365 2794 411 2832 res
424 2785 566 2832 noscatur.
583 2775 650 2832 Soio
663 2776 779 2851 quidem
800 2779 859 2833 haec
871 2776 978 2832 scelera
991 2775 1063 2829 clam
1072 2772 1205 2842 admitti;
1220 2771 1271 2828 sed
1288 2770 1312 2827 si
1323 2769 1384 2826 rita

316 2867 432 2944 longior
441 2865 526 2922 nobis
535 2877 674 2940 suppetat,
684 2867 750 2938 erit,
759 2867 814 2924 erit
821 2867 868 2922 illa
880 2866 956 2935 dies,
967 2883 1056 2939 quum
1065 2865 1125 2922 baec
1133 2865 1226 2940 palam
1235 2861 1298 2919 lieri
1305 2861 1385 2918 vide-

316 2957 426 3029 bimus,
446 2958 535 3017 immo
560 2959 644 3016 etiam
665 2958 740 3015 lastis
757 2959 963 3033 naualibusque
981 2957 1120 3013 mandari.
1135 2961 1268 3014 Attamen
1284 2956 1385 3030 ingens

318 3050 458 3126 aegritudo
469 3050 548 3106 viros
557 3050 597 3108 sic
610 3052 749 3108 nubentes
760 3063 900 3127 perpetuo
911 3051 1008 3126 angit,
1020 3051 1100 3124 qnod
1109 3059 1257 3125 nequeunt
1270 3067 1386 3124 parere,

318 3151 348 3196 et
362 3139 470 3211 liberis,
482 3141 538 3196 boo
549 3139 670 3216 legitimi
682 3141 809 3217 conjugii
822 3141 954 3210 vinculo,
965 3139 1141 3197 fastidientes
1154 3139 1308 3214 aliquando
1324 3157 1387 3194 rna-

319 3231 390 3288 ritos
403 3230 536 3288 retinere.
549 3229 608 3288 Sed
621 3231 707 3288 satius
721 3242 764 3289 est
777 3242 908 3288 naturam
921 3249 982 3287 non
994 3231 1104 3288 dedisse
1119 3230 1263 3288 mentibus
1276 3230 1342 3302 jura
1354 3230 1388 3286 in

319 3343 436 3399 corpus,
447 3342 499 3380 nee
508 3322 672 3394 indulsisse,
681 3335 714 3380 ut
725 3323 756 3378 hi
764 3341 865 3397 parere
875 3335 1007 3398 possent,
1019 3333 1048 3380 et
1057 3343 1110 3380 suo
1121 3321 1256 3379 muliebri
1264 3321 1387 3378 arbitrio

318 3415 409 3492 ipsam
426 3427 547 3473 mutare.
563 3417 731 3474 Moriuntur
750 3417 878 3488 steriles,
895 3417 983 3473 ethis
1004 3417 1076 3473 nihil
1095 3417 1215 3492 prodest
1230 3435 1274 3472 ars
1292 3415 1389 3491 Lydes

319 3510 413 3580 illius,
430 3527 528 3566 crassae
545 3509 688 3580 mulieris,
708 3509 895 3566 medicamina
910 3509 1112 3566 fecunditatem
1128 3509 1301 3566 conferentia
1315 3528 1389 3564 ven·
1451 3503 1462 3514 “

321 3602 430 3672 dentis3
446 3601 487 3657 nil
499 3601 618 3676 prodest
629 3619 677 3658 eos
688 3603 796 3676 palmas
813 3601 942 3676 praebere
959 3601 1113 3675 Lupercis,
1127 3603 1219 3656 Panos
1232 3599 1390 3656 sacerdoti-

320 3693 393 3764 bus,
418 3694 469 3769 qui
484 3692 587 3749 urbem
602 3692 670 3769 agili
686 3711 771 3752 cursu
791 3695 963 3762 lustrantes,
980 3693 1080 3750 obvias
1099 3693 1232 3750 mulieres
1253 3691 1390 3749 secundas

322 3787 444 3844 reddere
457 3785 606 3858 dicuntur,
621 3805 710 3860 quam
728 3805 774 3846 eas
787 3787 963 3861 percutiunt.

366 3880 430 3948 143.
451 3881 518 3938 Haec
532 3891 627 3936 tamen
639 3877 763 3954 flagitia,
776 3880 842 3938 licet
855 3889 1053 3935 monstrorum
1071 3876 1230 3946 simillima,
1243 3874 1392 3950 superarit

324 3969 397 4024 illud
405 3970 535 4026 deforme
543 3971 735 4046 spectaculum
742 4012 754 4050 ,
761 3971 790 4028 iu
801 3989 861 4045 quo
868 3971 1014 4028 Gracchus
1025 3967 1255 4036 tunicaindutus,
1264 3977 1392 4022 etarma-

325 4071 371 4116 tus
385 4062 523 4133 tridente,
537 4061 702 4139 gladiatoris
711 4061 743 4118 in
758 4081 884 4132 morem,
897 4062 1021 4120 mediam
1037 4080 1166 4131 arenam,
1184 4061 1295 4136 fugiens
1312 4079 1392 4136 secu*

325 4165 437 4226 torem,
461 4155 621 4233 pererravit
636 4178 643 4211 ι
658 4155 711 4222 ille
729 4156 856 4222 nobilior
872 4165 903 4213 et
924 4154 1108 4232 Capitolinis,
1130 4165 1159 4211 et
1182 4152 1344 4226 Marcellis,
1363 4163 1394 4212 et
