3148 4990
318 414 372 508 iiij
727 425 978 490 PRAEFATIO

355 543 439 598 lluuc
449 559 536 618 saepe,
551 538 694 597 assidente
705 539 886 597 ornatissima
900 537 1065 597 auditorum
1078 557 1202 609 corona,
1216 539 1247 596 in
1258 535 1382 616 publicis

313 634 477 694 Academiae
490 632 655 693 Parisiensis
668 632 840 692 lectionibus
851 633 982 700 recitavi,
995 631 1169 708 meminique
1181 651 1241 690 non
1255 643 1381 690 arrectas

313 725 408 784 minus
419 745 504 785 aures
515 737 591 784 stare
602 724 640 783 ad
649 724 789 784 facundos
802 726 949 796 Juyenalis
961 725 1100 803 impetus,
1116 743 1204 800 quam
1220 723 1258 782 ad
1273 740 1382 782 canora

312 818 427 898 virgilii
438 816 643 876 modulamina.
658 813 768 874 Ver'um
780 816 859 894 quod
872 815 902 874 iu
913 816 1053 874 Juvenale
1067 815 1268 894 impenderam
1277 813 1381 882 studii,

312 923 345 968 ut
354 930 428 982 eum,
438 911 531 988 qualis
538 922 624 981 esset,
633 909 664 968 in
672 909 724 968 illo
734 908 953 985 intelligentium
962 908 1111 966 hominum
1119 907 1380 976 eoetuexhiberem,

311 1003 394 1061 nolui
405 1003 491 1080 culpa
500 1021 565 1060 mea
574 1000 704 1061 funditus
715 1001 847 1072 interire,
859 1001 883 1058 si
895 1001 969 1058 forte
980 1000 1101 1078 alicujus
1112 1000 1199 1077 pretii
1208 1011 1238 1057 et
1252 996 1383 1056 utilitatis

313 1107 396 1152 esset.
408 1098 511 1169 ltaque
522 1091 559 1151 ad
571 1092 658 1172 hujus
667 1090 924 1170 poetaeeditionem
935 1111 995 1149 non
1004 1091 1141 1150 arcessivi
1151 1091 1259 1149 alienas
1268 1107 1382 1148 manus:

311 1185 375 1261 ipse
392 1184 473 1244 adfui
479 1205 488 1256 3
505 1198 534 1243 et
549 1203 714 1262 quanquam
730 1186 787 1244 viri
802 1205 878 1262 saepe
895 1184 965 1242 alias
980 1205 997 1242 a
1010 1203 1070 1254 me,
1086 1182 1136 1241 sed
1150 1201 1302 1260 nunquam
1316 1181 1384 1240 satis

312 1275 422 1334 laudati
432 1280 571 1334 Ruaaarr
584 1278 806 1336 commentarios
818 1276 1034 1354 assumpserim,
1049 1289 1184 1353 tanquam
1198 1274 1385 1332 fundamenta

312 1371 370 1428 mei
378 1368 487 1428 laboris
495 1369 728 1447 firmissimasque
737 1368 974 1438 substructiones,
989 1381 1083 1426 tamen
1092 1366 1346 1444 aediliciumipsum
1353 1378 1387 1424 ut

294 1449 387 1520 *esset
398 1481 501 1539 magna
510 1483 546 1520 ex
561 1443 643 1539 parte
653 1475 764 1530 meum,
778 1460 884 1538 adjeci,
899 1459 1006 1528 recidi,
1022 1459 1176 1518 emendavi
1188 1460 1289 1530 multa3
1302 1457 1385 1516 volui

313 1552 426 1629 plenius
438 1552 547 1631 aliquid
560 1566 589 1611 et
598 1553 732 1611 omnibus
744 1553 871 1610 numeris
879 1551 1039 1610 absolutius
1049 1551 1079 1608 in
1089 1552 1182 1610 lucem
1193 1551 1287 1621 exire,
1298 1569 1384 1626 quam

313 1643 393 1720 quod
403 1664 420 1701 a
430 1644 596 1703 doctissimo
606 1646 671 1702 viro
684 1646 829 1722 prolatum
842 1657 911 1702 erat.
922 1644 964 1701 Sit
975 1644 1025 1702 ille
1035 1644 1145 1714 clarus,
1155 1644 1291 1720 qnoniam
1304 1643 1390 1719 prior

313 1737 396 1813 operi
415 1757 531 1792 mannan
547 1735 684 1792 admovit.
700 1738 858 1794 Satisvero
873 1737 944 1792 milri
958 1738 1008 1806 sit,
1028 1749 1094 1813 post
1110 1737 1192 1794 illum
1207 1735 1390 1795 delitescenti

313 1825 396 1905 (quae
416 1829 501 1886 runica
522 1839 564 1884 est
585 1822 705 1883 editoris
724 1823 837 1904 gloria)
856 1844 923 1883 non⁴
939 1828 1089 1883 minimum
1108 1828 1146 1884 ad
1165 1828 1299 1904 publicos
1318 1847 1387 1888 usus

312 1921 478 1977 contulisse.

352 2019 445 2072 Porro
461 2012 523 2070 hac
541 2024 607 2069 sunt
625 2032 689 2090 quae
704 2031 760 2090 pro
776 2011 855 2070 virili
871 2023 955 2090 parte
970 2011 1080 2070 contuli
1094 2033 1101 2067 ε
1115 2010 1241 2088 primum
1257 2013 1386 2071 omnium

310 2107 381 2183 ipsis
394 2109 412 2163 J
414 2102 543 2162 uveualis
555 2104 687 2163 versibus
700 2103 810 2182 subjeci
823 2105 940 2162 latinam
956 2102 1082 2160 numeris
1096 2093 1195 2162 solutis
1206 2102 1385 2182 interpreta-

312 2201 429 2257 tionem.
445 2201 537 2270 Quem
554 2197 770 2256 commentandi
784 2195 903 2254 modum
920 2216 937 2253 a
952 2194 1143 2253 celeberrimo
1159 2195 1224 2252 viro
1242 2199 1387 2254 Morantu-

314 2313 396 2362 sraa,
408 2292 440 2348 in
452 2289 573 2348 edendis
586 2293 721 2358 adusum
737 2292 890 2346 Dananrrtr
904 2288 1001 2346 latinis
1010 2287 1177 2346 auctoribus
1188 2289 1258 2346 olim
1272 2290 1387 2367 excogi-

313 2395 420 2454 tatum,
434 2401 488 2460 ego
502 2383 533 2440 in
548 2381 607 2440 hoc
621 2381 768 2459 praecipue
781 2379 923 2458 scriptore
938 2391 981 2437 tot
995 2378 1113 2437 salebris
1125 2399 1230 2457 aspero
1242 2381 1341 2438 utilem
1353 2400 1390 2438 ao

312 2497 407 2556 prope
420 2476 613 2535 necessarium
630 2476 695 2533 lore
709 2474 877 2532 existimavi.
894 2477 962 2550 Ipsa
975 2471 1093 2549 quidem
1110 2473 1312 2550 interpretatio
1330 2477 1386 2531 Ju-

312 2568 410 2641 veneii
420 2580 476 2637 est,
492 2566 543 2624 sed
555 2579 656 2634 aucta,
672 2565 838 2638 emendata,
856 2578 884 2623 et
896 2564 1029 2643 pluribus
1038 2565 1109 2624 locis
1120 2563 1160 2623 ad
1167 2583 1389 2625 meumsensuru

312 2679 375 2718 non
389 2671 521 2716 correcta
536 2657 641 2729 modo,
651 2657 702 2715 sed
712 2659 830 2715 omniuo
843 2669 959 2714 mutata.

360 2749 485 2828 Singulis
498 2751 623 2827 praemisi
636 2749 730 2807 satiris
745 2735 922 2826 ammenta,
938 2767 1027 2824 quum
1041 2749 1151 2807 inclusa
1164 2751 1305 2818 numeris,
1324 2760 1385 2805 tum

311 2845 396 2902 etiarn
407 2841 502 2900 soluto
512 2840 619 2919 scripta
630 2860 760 2898 sermone
769 2853 925 2920 :praeterea
932 2841 1084 2918 diligenter
1092 2839 1385 2909 accuratassiraar'nrr,

310 2931 462 3012 inquibus
485 2933 617 2992 carminis
642 2932 758 2991 dissecti
773 2933 927 3011 particulas
944 2929 1043 2992 omues
1063 2952 1200 2990 versuum
1216 2935 1291 2991 iutra
1312 2951 1385 3009 quos

311 3028 493 3085 eontinentur
504 3028 646 3106 expressis
660 3026 789 3083 numeris·
795 3025 955 3104 designavi,
968 3038 996 3082 et
1011 3037 1145 3102 tauquam
1153 3024 1238 3083 certis
1247 3023 1386 3083 limitibus

310 3117 448 3189 inclusas,
466 3139 524 3197 quo
542 3120 652 3178 facilius
666 3131 898 3196 agnoscerentur,
914 3116 1043 3176 exhibui.

351 3217 386 3271 ln
400 3213 457 3270 fine
471 3213 566 3270 satirae
576 3213 715 3290 cujusque
727 3210 831 3291 adjeci:
845 3211 976 3268 r⁰varias
985 3213 1068 3268 MSS.
1078 3211 1232 3282 lectiones3
1243 3219 1273 3268 α·
1281 3211 1383 3268 multas

312 3316 478 3374 auctorum,
491 3304 552 3361 sive
564 3308 750 3370 Graecorum,
764 3305 825 3361 sive
833 3305 1021 3371 Latinorum,
1035 3303 1097 3360 sive
1107 3304 1196 3360 etiam·
1206 3304 1384 3361 Gallicorum

312 3393 564 3476 (ourenimnostra
572 3395 777 3474 negligamnsl)
786 3395 975 3466 imitationes3
986 3397 1017 3452 3·
1024 3407 1107 3452 notas
1114 3413 1179 3471 quae
1189 3394 1243 3453 sub
1252 3397 1317 3473 ipso
1324 3415 1387 3453 car·

311 3487 396 3545 minis
412 3499 492 3544 textu
506 3487 618 3544 omissae
633 3487 760 3557 fuerant,
777 3490 883 3566 partim
896 3488 935 3546 ad
948 3489 1078 3545 criticam
1090 3487 1264 3558 literarium,
1279 3489 1386 3565 partim

311 3579 349 3640 ad
362 3580 525 3650 historiam,
537 3579 735 3654 antiquitatem
748 3578 912 3639 fabulamve
920 3582 1106 3658 pertinentes,
1116 3580 1271 3659 plerasque
1283 3580 1320 3639 de
1331 3601 1385 3638 ae-

312 3688 404 3732 terum
416 3671 548 3731 moribus
561 3684 648 3749 atque
662 3671 774 3742 usibus,
787 3691 912 3749 quorum
927 3691 964 3731 ex
977 3683 1112 3730 accurata
1122 3674 1242 3731 notione
1256 3674 1385 3751 luxpln—

310 3769 385 3825 rima
396 3765 543 3824 luvenalis
557 3763 696 3843 operibus
709 3763 879 3824 affunditur.
1449 3753 1453 3759 ⁵

352 3859 523 3922 Lectionum
542 3877 674 3935 magnam
690 3857 972 3935 segetem-dederunt
984 3860 1090 3937 optimi
1104 3860 1189 3936 regiae
1207 3861 1384 3918 Parisiorum

312 3949 498 4012 bibliothecae
514 3949 649 4020 Codices,
667 3949 766 4006 collati
783 3969 848 4008 cum
864 3951 898 4008 iis
914 3949 1020 4027 quibus
1036 3963 1121 4009 antea
1138 3955 1300 4026 Ruraarus
1316 3971 1384 4009 usus

311 4056 383 4104 erat.
407 4045 457 4101 air
469 4044 514 4101 vir
528 4041 737 4101 eruditissimus
751 4043 900 4120 octoginta
912 4065 945 4102 se
955 4044 1081 4117 codices,
1097 4047 1144 4102 vel
1159 4031 1382 4124 manuscriptos,

310 4138 358 4196 vel
376 4137 453 4214 typis
470 4153 592 4195 excusos
606 4136 771 4212 collegisse,
793 4155 826 4193 ac
843 4137 903 4195 sere
920 4155 1018 4195 omnes
1039 4137 1218 4217 aprincipio
1238 4139 1275 4197 ad
1298 4140 1385 4196 finem

309 4248 501 4314 comparasse.
516 4229 606 4308 Cujus
622 4227 767 4287 inhaere
784 4228 880 4288 labori
895 4227 920 4288 si
936 4241 1068 4289 nostrum
1085 4229 1250 4302 addideris,
1262 4226 1387 4288 babebis.
