3130 4986
483 441 671 506 strum
697 429 896 507 rnnrrl.
1157 432 1212 510 tfit

151 535 237 623 ilasa
253 535 403 641 cadunt3
421 569 547 648 quanto
566 579 760 650 percussum
777 557 926 651 pondere
943 557 1076 652 signent

154 661 198 733 Et
212 663 339 732 laedant
357 663 494 733 silicem.
511 665 620 733 Possis
639 664 777 760 ignavus
794 666 927 752 haberi,

157 775 200 843 Et
214 773 318 842 subiti
335 798 431 844 cesus
449 773 672 868 improvidus,
687 775 729 842 ad
747 784 874 844 coenam
891 777 918 844 si

158 887 341 952 intestatus
359 908 434 951 eas:
453 881 537 951 adeo
556 897 607 951 tot
622 882 706 969 fata,
726 900 809 977 quot
825 883 880 952 illa

161 996 268 1063 Nocte
285 1007 405 1088 patent
421 991 557 1088 vigiles,
574 1007 608 1060 te
627 1007 869 1086 pretereunte,
889 992 1060 1064 fenestre!
1176 1014 1223 1080 275

161 1106 251 1196 Ergo
268 1117 384 1196 optes,
401 1116 585 1196 votumque
599 1099 687 1170 feras
705 1101 895 1170 miserabile
912 1117 1043 1189 tecum,

164 1213 210 1281 Ut
225 1214 294 1281 sint
312 1227 480 1280 contente
499 1211 628 1307 patulas
646 1209 833 1279 defundere
853 1210 977 1306 pelves.

211 1323 360 1390 «Ebrius
376 1346 415 1390 ac
433 1320 604 1415 petulans,
624 1321 682 1414 qui
703 1319 832 1389 nullum
852 1319 940 1389 forte
960 1322 1098 1409 cecidit,

165 1432 230 1499 Dat
247 1455 381 1524 peenas,
400 1445 535 1498 noctem
553 1429 681 1522 patitur
697 1427 843 1522 lugentis
858 1430 1003 1498 amicum

167 1539 304 1626 Pelidae,
322 1539 422 1608 cubat
438 1540 472 1606 in
490 1538 625 1625 faciem,
644 1563 722 1607 mox
739 1536 862 1630 deinde
882 1541 1030 1633 supinus.
1179 1557 1229 1610 280

168 1650 255 1742 Ergo
274 1673 344 1716 non
361 1647 457 1716 aliter
473 1648 600 1741 poterit
615 1645 784 1716 dormire?
802 1647 1009 1736 Quibusdam

167 1757 329 1824 Somnum
349 1756 419 1824 rixa
436 1755 540 1825 facit:
560 1754 619 1824 sed
637 1756 788 1849 quamvis
804 1757 976 1850 improbus
991 1759 1104 1841 annis,

171 1871 278 1960 Atque
294 1889 389 1934 mero
406 1863 558 1951 fervens,
578 1879 675 1932 cavet
692 1864 802 1952 hunc,
820 1889 920 1960 quem
937 1869 1075 1936 coccina
1091 1866 1174 1938 leena

171 1976 276 2044 Vitari
291 1975 409 2068 jubet,
427 1990 462 2042 et
478 1974 639 2042 comitum
657 1955 871 2068 longissimus
888 1974 990 2058 ordo,

172 2083 318 2154 Multum
335 2096 497 2176 praeterea
513 2080 742 2168 flammarum,
759 2097 792 2151 et
807 2082 935 2150 ahenea
951 2081 1086 2176 lampas.
1185 2100 1233 2154 285

172 2195 246 2278 Me,
263 2215 365 2286 quem
384 2189 464 2258 luna
480 2189 564 2258 solet
583 2188 771 2276 deducere,
788 2188 841 2257 vel
858 2190 960 2260 breve
975 2189 1088 2258 lumen

170 2418 246 2484 unz,
256 2427 347 2483 quum
356 2407 445 2464 stacte
456 2417 485 2464 et
493 2406 621 2464 mutilate
631 2422 787 2480 corruunt,
798 2411 863 2466 vide
873 2421 906 2466 ut
918 2410 979 2485 ipso
989 2410 1118 2484 pondere
1128 2411 1236 2481 silices,

171 2501 275 2576 quibus
293 2499 346 2555 viz
364 2510 432 2556 sunt
447 2509 557 2569 stratu,
577 2510 680 2556 notent
692 2521 724 2557 ac
735 2504 901 2558 vulnerent!
913 2504 980 2558 Non
998 2501 1142 2558 immerito
1157 2503 1237 2578 quis-

174 2594 247 2670 piam
258 2611 360 2667 porum
373 2591 544 2664 prudentem
557 2601 585 2646 te
596 2592 708 2662 credat,
721 2611 814 2668 neque
825 2594 891 2650 satis
903 2594 1123 2668 prospicientem
1136 2614 1237 2670 repen-

174 2687 248 2742 tinos
261 2685 328 2740 ritae
344 2703 439 2753 casus,
460 2684 483 2739 si
500 2683 613 2757 vesperi
631 2695 748 2740 vocatus
759 2685 796 2740 ed
811 2705 917 2742 coeuanr
939 2686 1027 2742 domo
1041 2686 1164 2760 prodeas
1177 2707 1237 2744 non

175 2777 291 2834 condito
303 2785 474 2832 testamento
487 2796 493 2830 :
511 2774 584 2830 adeo
598 2786 654 2830 tum
666 2777 762 2832 multae
774 2776 827 2832 tibi
838 2787 945 2832 mortes
955 2777 1136 2851 impendent,
1151 2797 1237 2851 quem

175 2873 269 2927 multae
280 2881 348 2926 suut
359 2869 390 2924 in
404 2867 488 2937 vicis,
504 2887 557 2942 per
568 2887 641 2941 quos
652 2869 738 2924 habes
753 2868 824 2938 iter,
836 2867 978 2939 fenestrae,
990 2870 1067 2926 unde
1079 2869 1154 2926 cives
1165 2889 1237 2926 non·

175 2963 243 3019 dum
254 2961 392 3018 ementes
406 2959 515 3034 possint
530 2959 561 3014 in
577 2969 659 3014 tuum
674 2970 760 3032 caput
775 2971 891 3030 testum,
903 2971 953 3016 aut
963 2961 1041 3017 eliud
1054 2961 1163 3036 aliquid
1178 2961 1238 3034 ejus

176 3053 286 3130 generis
295 3051 428 3125 dejicere.
442 3052 540 3106 Restat
550 3049 639 3124 igitur
648 3051 703 3106 hoo
714 3069 803 3107 unum
815 3052 972 3127 optandum
984 3053 1051 3124 tibi,
1062 3065 1095 3109 ut
1110 3053 1239 3110 conteuti

175 3147 230 3202 rint
245 3144 354 3219 pelvim
366 3142 490 3216 aliquam
500 3141 644 3216 ingentem
656 3161 729 3216 aque
742 3144 855 3217 plenam
865 3145 896 3200 in
908 3155 936 3201 te
947 3144 1070 3220 desuper
1081 3145 1237 3202 effundere.

214 3239 283 3309 278·
305 3234 433 3291 «Ebrius
445 3233 547 3307 aliquis
562 3243 591 3289 et
602 3244 769 3306 protervus,
791 3235 894 3309 sipost
912 3246 1083 3292 nocturnam
1100 3243 1241 3294 comessu-

176 3332 283 3387 tionem
303 3328 449 3385 nemiuem
471 3327 544 3382 mule
564 3325 733 3382 verberihm
753 3328 917 3397 mulctavit,
942 3340 1056 3385 noctem
1081 3329 1240 3386 insomnem

176 3423 297 3498 patitur,
310 3439 363 3477 nec
374 3418 465 3494 magis
475 3417 603 3494 domnine
613 3427 724 3490 potest,
736 3436 822 3491 quem
832 3418 971 3488 Achilles,
980 3422 1143 3477 Patroclum
1152 3421 1242 3478 intet-

177 3514 282 3571 lectum
299 3528 439 3578 merens3
454 3509 542 3569 modo
559 3527 686 3583 pronus,
704 3507 794 3564 modo
811 3507 930 3581 supinus
947 3510 1052 3566 cubet:
1069 3529 1177 3586 ergone
1194 3512 1242 3566 ille

178 3623 309 3662 somnum
317 3620 421 3676 capere
429 3619 489 3656 uon
498 3600 619 3675 poterit,
628 3610 780 3672 antequam
789 3600 958 3656 verberibus
968 3603 1093 3677 aliquem
1103 3604 1244 3659 contude-

179 3696 237 3752 rit?
260 3693 511 3768 Haudquaquam:
528 3701 595 3748 sunt
617 3689 667 3764 qui
690 3690 830 3763 ejusmodi
850 3693 1111 3749 concertationibus
1128 3711 1245 3750 somnos

179 3797 333 3855 arcessant3
344 3783 398 3842 sed
407 3783 475 3840 licet
483 3782 585 3840 mentis
597 3799 701 3856 perum
713 3781 752 3836 sit
762 3800 898 3856 compos,
910 3783 1017 3857 quippe
1024 3783 1138 3855 juvenis
1147 3785 1244 3856 ferox,

178 3879 284 3934 etvino
293 3888 415 3933 aestuuus
422 3912 431 3944 ,-
439 3873 511 3930 vilet
519 3874 586 3930 illos
597 3883 705 3942 temen,
716 3889 749 3927 nc
759 3873 901 3947 praeterit,
913 3892 985 3946 quos
994 3891 1138 3948 purpurea
1146 3876 1246 3949 vestis,

179 3982 207 4027 et
219 3971 360 4028 comitum
373 3966 551 4037 multitudo,
571 3978 600 4022 et
616 3965 690 4022 feces
706 3964 908 4039 lampadesque
919 3965 1032 4020 ahenea
1042 3965 1175 4023 vitandos
1189 3987 1248 4024 esse

178 4063 336 4120 admonent
356 4078 363 4116 τ
385 4078 432 4116 me
449 4077 535 4140 vero,
555 4057 606 4133 qui
626 4057 663 4112 ed
681 4059 755 4114 lune·¹
771 4057 866 4113 lucem
887 4056 1048 4133 ingredior,
1069 4071 1118 4114 aut
1139 4061 1250 4136 exigue

177 4155 319 4224 candele,
338 4152 420 4225 cujus
437 4169 522 4226 parce
537 4155 567 4207 et
578 4148 739 4206 minutatim
756 4149 930 4226 ellychnium
938 4151 1091 4227 impendo,
1109 4154 1248 4228 despicit,

265 4246 293 4308 I.
1053 4265 1087 4307 rr
