3134 4990
332 413 395 480 532
495 417 669 484 VARIAE
690 418 990 488 LECTIONES
1013 424 1077 490 ET
1100 425 1131 490 N
1140 425 1253 494 OTAE

365 538 435 585 Vss.
460 537 521 586 656.
542 530 751 598 Clitemnestmm,
773 537 988 600 clitemnoestram,
1009 539 1208 602 Clytemnestram
1224 554 1252 591 et
1271 541 1413 606 Clytemen-

328 629 403 682 stram
416 620 538 685 scripsero
549 620 625 668 ceteri
637 619 746 670 editores
759 631 848 685 praeter
859 621 923 670 sch.
935 621 984 671 Sed
993 623 1085 670 dicitur
1093 622 1290 694 Κλυταιμνήσρι.

363 714 434 767 Nor.
455 713 517 767 656.
537 715 600 766 Vox
613 733 704 774 mane,
721 731 802 785 qoem
812 713 973 785 interpretes
983 716 1091 769 silentio
1101 731 1278 789 pretereunt,
1298 719 1341 772 bis
1351 739 1410 772 rer·

325 801 379 866 bis,
391 801 414 852 si
426 800 565 871 vulgarem
578 817 672 852 eorum
683 798 882 854 distinctionem
893 813 921 854 et
933 802 1012 854 colon
1027 817 1090 873 post
1101 807 1229 870 Eriphylen
1237 807 1359 875 positum
1369 827 1410 860 re·

326 884 452 950 tinuerit,
465 883 590 944 tenebras
602 881 734 947 offundit,
746 901 812 954 ques
825 883 904 935 Heln.
916 883 967 937 hae
978 884 1198 956 interpretatione
1207 889 1260 940 sibi
1270 887 1412 961 dispulisse

325 968 449 1024 ridetur:
463 968 562 1022 «Poeta
573 986 614 1022 vs.
630 968 697 1030 651,
710 966 834 1033 dixerat,
849 967 929 1020 telem
943 968 1085 1022 mulierem
1097 970 1162 1024 terri
1176 990 1231 1025 non
1246 991 1344 1045 posse,
1357 993 1412 1042 qnoe
1546 1003 1547 1056 y

325 1065 486 1121 eomputaret,
495 1055 604 1105 stenelus
613 1053 698 1120 ingens
706 1051 886 1119 sanasaceret,
897 1049 985 1117 idest,
996 1053 1070 1104 nullo
1078 1054 1161 1107 animi
1173 1055 1274 1109 ellectu
1283 1056 1409 1128 impulse,
1546 1057 1547 1068 ¹

324 1135 400 1189 nulla
409 1134 520 1188 omnino
530 1153 575 1202 re,
586 1153 645 1206 qum
653 1132 789 1206 judicium
799 1143 826 1186 et
834 1131 1051 1202 deliberationem
1066 1137 1179 1190 tolleret.
1191 1139 1253 1192 Jam
1262 1139 1356 1194 addit:

542 1233 614 1278 Mons
623 1231 823 1290 clytemnestras:
833 1231 913 1277 nullus
925 1247 975 1278 non
985 1231 1050 1279 vicus
1060 1233 1174 1288 hebebit,

324 1315 353 1370 id
365 1329 404 1372 est
413 1357 420 1383 ,
430 1318 474 1372 vel
482 1336 571 1384 mane,
581 1317 629 1369 ubi
642 1328 731 1372 tomen
742 1337 798 1370 non
809 1316 888 1372 ebrie
899 1330 961 1371 sunt
969 1318 1112 1387 mulieres,
1123 1333 1149 1373 et
1159 1321 1249 1374 omnin
1259 1333 1333 1374 certa
1344 1319 1407 1374 deli-

322 1401 458 1454 berstione
470 1419 548 1472 agere
558 1414 674 1472 possunt
684 1441 692 1467 ,
703 1409 777 1454 tonte
788 1401 904 1467 seelera,
918 1414 1049 1474 quantum
1061 1403 1281 1476 clytemnestra,
1297 1405 1405 1457 faciunt.

322 1485 393 1537 Rara
403 1484 462 1536 hec
473 1483 547 1538 vocis
558 1503 635 1534 mane
644 1481 826 1554 significatio,
837 1482 886 1536 sed
898 1485 976 1555 plone
990 1485 1027 1537 ita
1040 1497 1079 1538 est
1090 1485 1163 1558 opud
1172 1485 1253 1539 liert.
1264 1487 1323 1553 XI,
1337 1489 1382 1540 18:

540 1581 596 1625 Non
606 1578 683 1625 omnis
693 1578 770 1624 nostri
780 1589 900 1626 nocturne
909 1587 945 1625 est
954 1580 1042 1642 pagius
1050 1581 1120 1637 libri,

572 1654 681 1700 lovenies
691 1663 727 1710 et,
740 1653 806 1716 qnod
817 1669 900 1708 mnne,
911 1654 1011 1710 Sabine,
1025 1655 1097 1718 leges.

320 1740 420 1794 Nescio
432 1758 467 1793 sn
477 1738 625 1794 trnbendus
638 1739 675 1794 sit
686 1741 765 1794 Most.
780 1741 824 1807 X,
837 1741 881 1804 4⁸,
896 1759 939 1806 sr,
955 1760 987 1793 66
1000 1757 1008 1796 :

540 1835 661 1883 Accedent
671 1835 722 1882 sine
730 1833 785 1882 lello
793 1835 860 1896 joci,
871 1851 915 1882 neo
926 1851 995 1883 mnne
1006 1837 1112 1886 timenda

569 1911 689 1963 Libertus,
703 1921 727 1957 et
736 1911 786 1966 nil,
797 1910 864 1972 qnod
874 1911 976 1958 teruisse
987 1911 1054 1958 velis.

319 1998 381 2052 Non
393 2015 453 2051 rurs
463 2009 505 2050 est
512 1997 569 2054 bno
578 1998 651 2052 vocis
661 2018 733 2050 mane
744 1997 907 2071 significatio
917 2038 924 2064 ,
937 1996 985 2052 sed
994 1997 1212 2070 frequentissime
1222 1997 1297 2070 apud
1307 1999 1399 2055 Horst.

318 2080 371 2135 Od.
380 2081 432 2148 IV,
442 2081 470 2148 5,
480 2079 526 2150 39,
539 2081 628 2146 403in
637 2081 693 2136 Set.
705 2082 749 2146 11,
760 2081 785 2144 3,
798 2084 862 2148 2823
873 2082 900 2134 in
907 2081 995 2152 Epist.
1007 2081 1033 2142 I,
1047 2098 1089 2150 19,
1103 2081 1131 2146 53
1141 2080 1259 2133 Mertiel.
1271 2081 1344 2146 ΧΠ,
1355 2101 1401 2147 rs;

317 2165 447 2222 Ovidium
458 2175 485 2218 et
494 2165 574 2230 elios3
589 2165 748 2238 neutiquam
757 2183 837 2233 vero,
851 2183 885 2218 ne
897 2163 962 2236 quid
974 2164 1083 2236 gravius
1094 2163 1199 2230 dicem,
1212 2183 1334 2236 congrua
1344 2167 1370 2220 h.
1384 2169 1401 2219 Ι.

317 2268 373 2320 quo
387 2249 476 2320 egitur
488 2258 547 2301 tum
559 2247 594 2302 de
605 2248 722 2315 feminis,
736 2261 793 2302 tom
806 2247 841 2301 de
854 2246 996 2300 horrendis
1010 2266 1104 2300 eorum
1118 2247 1281 2315 sceleribus,
1296 2267 1355 2321 qun
1367 2251 1401 2302 sb

316 2332 444 2401 averifinJ,
458 2349 549 2384 amore
561 2344 588 2387 et
600 2332 639 2386 iro
649 2333 789 2386 oriuntur:
808 2349 864 2384 non
877 2349 893 2384 s
905 2331 1051 2384 vinolentia
1063 2328 1089 2384 et
1097 2331 1241 2384 ebrietate:
1255 2334 1332 2402 cujus
1344 2335 1401 2385 sitii

316 2427 395 2487 poeto
407 2413 515 2487 quidem
530 2414 602 2485 ipone
617 2431 725 2485 quoque
739 2413 863 2467 mulieres
877 2414 1097 2481 insimulaverat,
1113 2413 1326 2484 redon-345,
1345 2436 1399 2488 quo

316 2511 406 2552 tamen
418 2498 475 2551 illos
487 2497 522 2551 sd
534 2496 675 2549 libidinem
685 2515 847 2568 omnemque
859 2495 1075 2568 turpitudinem,
1089 2515 1145 2550 nou
1160 2495 1194 2549 nd
1211 2497 1330 2562 atrocia,
1343 2519 1402 2570 qun·

316 2599 390 2634 nune
398 2591 591 2644 memorentur,
603 2579 722 2632 facinora
733 2581 792 2651 rapi
802 2578 916 2632 dixerat.
928 2579 1022 2651 Aptior
1032 2597 1064 2631 ex
1075 2579 1118 2630 his
1129 2581 1218 2633 verbis
1231 2599 1325 2642 sensus
1337 2603 1399 2655 pro·

316 2661 402 2728 dibit,
414 2663 435 2716 si
447 2681 479 2717 en
490 2662 528 2716 sic
539 2661 754 2734 interpunxeris:
768 2668 904 2714 Occurrent
912 2653 948 2700 ’-
957 2667 1054 2712 Marte:
1067 2665 1288 2728 Clytaemnestram,
1298 2676 1363 2728 ete„
1374 2677 1399 2719 et

316 2746 352 2801 ad
362 2764 506 2800 occursum
519 2745 573 2799 diri
586 2745 685 2800 ominis
698 2745 833 2814 retuleris,
846 2744 880 2800 de
891 2763 945 2818 quo
955 2745 1018 2801 ride
1030 2756 1087 2800 not.
1102 2744 1137 2799 nd
1150 2747 1186 2809 V,
1199 2749 1251 2813 54⁵
1265 2747 1306 2800 v1
1311 2789 1320 2816 ,
1333 2751 1381 2822 ⁵7²
1388 2790 1397 2816 ,

315 2841 342 2884 ot
352 2830 424 2903 iupr.
439 2829 498 2895 vl,
511 2831 573 2883 601.

349 2993 419 3041 Vsu.
437 2991 497 3054 657.
510 2989 618 3058 Differt,
633 2993 672 3041 16.

347 3081 420 3136 Nor.
439 3082 589 3153 657-659.
608 3086 753 3140 Σκωπτικῶς
767 3079 833 3134 dicit
847 3091 940 3153 poeto,
955 3084 1001 3134 lroe
1012 3095 1109 3134 tantum
1122 3082 1216 3151 referre
1221 3119 1230 3147 ,
1244 3083 1303 3138 sire
1314 3081 1394 3140 inter·

313 3187 370 3224 esse
379 3169 449 3222 inter
457 3169 687 3241 Clytaemnestram
696 3180 722 3221 et
731 3167 855 3221 mulieres
865 3170 1010 3233 llomsnss,
1022 3167 1096 3240 qood
1106 3167 1152 3221 illo
1161 3167 1225 3222 rudi
1234 3187 1266 3222 no
1277 3171 1392 3242 simplici

312 3248 408 3317 modo,
424 3263 539 3323 utroque
550 3271 632 3305 monn
645 3265 671 3305 et
680 3251 794 3322 bipenni
809 3269 872 3314 usn,
883 3253 1013 3305 maritum
1026 3251 1173 3320 occiderit;
1184 3253 1227 3305 be
1236 3266 1327 3308 sutem
1339 3273 1393 3307 ma-

308 3336 364 3410 jori
375 3346 444 3398 erte,
458 3334 604 3390 ealliditate
615 3355 648 3389 oc
659 3334 818 3400 subtilitate,
828 3351 913 3405 perro
925 3334 981 3388 soil.
994 3336 1091 3389 veneni
1103 3336 1228 3407 portione
1239 3337 1307 3390 olom
1317 3337 1392 3392 adni-

310 3423 383 3489 bito,
404 3418 440 3488 sd
460 3418 586 3474 eumdem
605 3419 687 3474 finem
709 3418 876 3491 pervenient.
898 3447 934 3458 -
959 3421 1084 3484 Tyndaris
1104 3421 1171 3487 ills,
1193 3419 1393 3494 clytemnestra

310 3504 447 3578 Tyndari,
458 3503 529 3575 regis
539 3502 675 3575 Spartani,
687 3516 714 3556 et
725 3500 803 3556 Lede
813 3499 876 3554 fitia.
888 3532 923 3540 —
932 3505 1056 3554 insulsam
1064 3505 1206 3572 sesamam,
1214 3503 1309 3558 rudem
1317 3507 1393 3559 etin-

310 3591 442 3655 habilem,
456 3606 544 3660 neque
559 3587 683 3654 mulieri,
704 3606 792 3660 neque
806 3585 847 3640 rei
863 3585 929 3639 entis
945 3597 1050 3657 eptam
1066 3586 1120 3639 uisi
1133 3584 1265 3659 adjective
1277 3607 1329 3660 pro
1344 3589 1391 3642 ad·

312 3673 411 3728 verbiis
427 3671 537 3746 posita,
550 3671 595 3725 vel
613 3668 647 3724 od
664 3671 750 3743 ipsam
770 3672 936 3736 Tyndaridem
955 3668 1096 3723 referendo
1112 3682 1184 3724 sunt.
1205 3671 1265 3724 sEa
1282 3673 1328 3726 bic
1345 3672 1392 3726 sd·

310 3759 453 3811 umbratur
470 3751 593 3809 nondum
611 3754 675 3809 satis
692 3767 756 3827 apte
771 3753 903 3818 facinori,
919 3753 964 3808 rel
980 3771 1031 3825 pro
1047 3753 1155 3808 sceleris
1172 3752 1288 3808 horrore
1303 3769 1390 3809 mente

310 3841 419 3896 turbate
427 3861 435 3908 3
444 3865 456 3888 ι
473 3839 539 3894 Aeli.

345 3997 412 4045 Vin.
431 3996 492 4046 658.
505 3997 627 4055 Invs'sam,
642 3998 1011 4060 7,13,19·-nn,nt„29.-
1022 3995 1055 4042 Ee
1066 4010 1192 4052 uacuam,
1210 3996 1251 4044 16.
1264 4023 1300 4034 -
1315 4000 1387 4045 Lmen

309 4078 457 4144 dextraque,
470 4081 512 4140 65,
524 4096 567 4143 67,
577 4081 691 4142 46-50,
704 4079 817 4137 64-65,
829 4079 873 4139 68,
884 4093 925 4139 7ι,
938 4095 980 4140 76,
990 4079 1032 4140 73,
1042 4078 1085 4126 85.
1147 4077 1153 4089 “

342 4170 414 4226 Nor.
433 4171 494 4242 659.
513 4177 570 4238 tter,
581 4172 666 4229 ceder
677 4172 842 4229 moritorum.
854 4201 890 4216 -
902 4176 1021 4226 Pulmone
1033 4175 1140 4234 mbrnrr
1149 4170 1212 4231 ride
1221 4171 1256 4226 sd
1266 4175 1297 4240 1,
1308 4191 1352 4244 7⁰·
