3058 4988
323 414 389 494 466
471 405 645 476 VARIAE
675 404 974 471 LEGTIONES
1004 407 1071 474 ET
1100 411 1261 480 NOTAE

356 531 425 578 Vra.
444 529 505 590 379.
517 527 587 573 Duru
599 533 651 586 est,
664 523 711 584 25,
721 522 767 584 57,
780 521 887 585 59,6ο,
897 522 946 584 65,
958 537 1009 587 quo
1024 539 1124 576 sensum
1135 543 1187 577 non
1198 526 1293 584 urnuri
1304 523 1407 590 putabst

320 615 423 663 Asocus.
435 609 535 659 Nullius
539 607 635 674 subula
646 602 722 655 dume
730 605 829 654 emend.
840 605 964 656 Platltner.
975 619 1004 657 ut
1013 625 1100 659 seruus
1109 612 1141 660 slt
1152 630 1159 660 :
1174 611 1269 661 nullius
1280 610 1365 670 mimi,
1374 609 1404 658 ln

318 699 431 746 mesonc
438 692 599 753 sntautimel
605 705 738 756 personam
746 703 815 738 suum
826 688 949 749 saltantis,
957 702 982 739 et
990 693 1103 744 canendo
1112 696 1286 762 exprimentis,
1299 693 1404 742 uhutm

326 795 419 846 ongum
428 775 509 827 rideri
517 775 576 836 illis,
585 789 639 840 quar
648 773 867 839 erumpendum,
876 774 1034 826 mulierculis.

334 887 338 894 ·
352 871 424 926 Nou.
444 865 594 940 379-397.
614 867 679 928 Alia
703 867 828 920 mulieres
855 867 973 921 maxime
998 867 1165 925 delectantur
1189 868 1405 927 citharedorum

315 955 533 1026 histrionumque
550 963 645 1016 cautu,
661 968 693 1006 sc
709 949 819 1004 musicis
838 950 1039 1030 instrumentis,
1056 973 1115 1026 qme
1129 955 1158 1008 in
1172 955 1296 1010 maximo
1318 955 1405 1026 pretio

316 1040 425 1094 ltaltent.
437 1037 508 1092 Nota
520 1035 644 1090 Britrun.
658 1045 711 1088 est:
722 1059 734 1080 ι
742 1037 833 1086 nullius
838 1037 919 1101 fidula
930 1039 1021 1104 durat,
1035 1037 1064 1092 id
1076 1052 1128 1105 est,
1140 1041 1234 1094 nullus
1245 1039 1406 1093 adolescens

315 1125 359 1177 vel
374 1135 471 1176 cautor
487 1119 645 1174 infibulatut
663 1130 753 1189 potest
770 1129 826 1171 tarn
843 1115 978 1173 diutinum
997 1121 1114 1176 cauendi
1129 1124 1250 1177 laborent
1270 1123 1403 1194 perferre.

205 1267 208 1272 ,
314 1207 370 1262 Atti
379 1206 598 1277 interpretantur,
613 1200 688 1275 quod
696 1201 825 1256 mulieres
834 1202 922 1274 pretio
934 1221 1110 1279 corrumpant
1120 1206 1287 1262 cithuroedos
1300 1219 1330 1261 ct
1345 1224 1406 1262 cett·

314 1302 388 1344 tores
400 1287 436 1341 ud
447 1288 564 1353 coitum,
576 1299 607 1338 ut
619 1286 659 1338 sic
672 1283 782 1338 fibulam
794 1285 899 1340 solvere
911 1301 1045 1359 cogantur
1056 1309 1063 1344 :
1074 1303 1103 1345 ut
1114 1303 1193 1362 poeta
1203 1291 1232 1344 lr.
1244 1292 1262 1345 Ι.
1275 1309 1335 1344 non
1347 1309 1405 1344 mu·

315 1375 395 1428 lieres
407 1383 499 1436 nutat,
513 1387 574 1442 que
587 1366 750 1423 cithsroedos
762 1381 868 1437 amant,
882 1382 912 1424 ut
924 1385 1021 1427 coeunt
1032 1390 1095 1426 eum
1108 1373 1141 1426 iis
1155 1377 1235 1448 (quas
1246 1376 1307 1446 jam
1318 1392 1361 1427 rs
1372 1375 1403 1445 73

313 1477 369 1531 seq.
383 1457 506 1526 taxavit),
520 1454 567 1510 sed
581 1467 612 1508 ut
625 1455 793 1526 voluptatem
806 1474 840 1508 ex
857 1469 939 1510 cantu
953 1475 1048 1512 eorum
1062 1459 1188 1532 capiant,
1203 1458 1335 1532 adeoque
1346 1479 1401 1525 ess,

315 1561 375 1616 quse
384 1541 477 1596 studio
486 1538 696 1595 citharaedorum
707 1541 861 1594 canentium
872 1554 1007 1596 tenentur.
1015 1567 1027 1590 ι
1037 1543 1079 1596 (ll.
1090 1563 1130 1598 vs.
1142 1543 1204 1615 ³98.
1215 1545 1352 1599 Mulieres
1363 1557 1403 1598 tu-

315 1648 393 1693 men,
407 1627 441 1682 de
451 1627 549 1700 quibus
558 1627 613 1679 hoc
626 1625 688 1679 loco
700 1625 798 1698 agitur,
812 1627 924 1681 musicis
935 1628 1120 1683 instrumentis
1129 1629 1306 1703 potissimum
1320 1630 1402 1702 gratia

310 1730 420 1777 eorum,
436 1711 483 1784 qui
495 1712 548 1764 illis
564 1721 687 1776 utuntur,
705 1720 732 1762 et
745 1723 828 1764 cautu
845 1722 957 1782 propter
971 1711 1123 1766 canentium
1139 1711 1392 1784 pulchritudinem,

313 1814 368 1868 qua
381 1795 536 1867 capiuntur,
550 1789 677 1846 delectari
691 1791 832 1856 ridentum
844 1790 918 1846 unde
930 1811 1067 1866 exponere
1081 1795 1173 1849 malim
1185 1813 1192 1850 :
1203 1795 1299 1848 nullus
1312 1809 1354 1849 est
1366 1797 1402 1850 ei·

311 1878 452 1932 tharoedtts
468 1876 513 1929 rel
528 1887 639 1938 cautor,
653 1875 783 1946 quinon,
796 1874 885 1946 pretio
902 1875 936 1927 ab
948 1893 980 1928 ea
993 1889 1151 1949 corruptus,
1167 1877 1203 1931 ud
1221 1875 1339 1932 fibulam
1354 1879 1403 1932 sol·

312 1961 428 2018 vendam
442 1961 605 2032 impellatur,
619 1970 650 2012 ut
664 1978 726 2012 curn
741 1959 786 2012 illa
798 1969 884 2012 coeat.
898 1959 1026 2030 Defibula
1039 1972 1066 2012 et
1080 1959 1230 2015 infibulatis
1243 1963 1402 2016 cantoribus

312 2045 375 2102 vide
386 2044 422 2101 ad
433 2061 473 2098 ts.
485 2043 529 2116 73.
541 2075 578 2086 —
587 2045 687 2120 Nullius¹
699 2043 833 2105 cantoris,
843 2061 933 2094 vocem
943 2046 1078 2096 ‘vendentis
1093 2048 1254 2108 Praetoribus,
1265 2047 1317 2118 qui
1325 2045 1401 2102 ludus

314 2151 346 2186 ac
358 2148 470 2184 munera
481 2128 579 2192 edunt,
593 2139 620 2182 st
630 2127 695 2180 hinc
707 2140 846 2188 cantores,
858 2127 1005 2182 histriones
1017 2143 1045 2182 et
1055 2127 1221 2199 gladiatores
1233 2144 1348 2198 emunt,
1360 2134 1401 2186 rel

314 2216 402 2290 pretio
414 2213 579 2269 conducunt.
590 2211 815 2278 Similiterfuuem
823 2215 988 2266 succendere
996 2213 1104 2267 lanistis
1112 2224 1139 2266 ct
1148 2217 1310 2282 Praetoribus,
1322 2215 1400 2280 vttt,

317 2319 365 2370 192
379 2299 437 2371 (ubi
450 2297 512 2352 ride
526 2299 611 2367 not),
625 2299 735 2348 uendere
747 2300 829 2348 verta
840 2297 952 2347 sollicitis
967 2299 1032 2361 reis,
1046 2309 1072 2350 et
1085 2301 1198 2349 uendere
1211 2317 1303 2350 vocem
1315 2303 1400 2352 Siculis

309 2391 475 2454 plausumque
484 2383 584 2435 theatris
595 2379 668 2452 apud
678 2380 795 2433 Martial.
808 2380 897 2444 V,16‚
910 2381 1021 2444 6;v11‚
1034 2379 1078 2448 63,
1091 2400 1117 2450 9,
1127 2393 1158 2436 et
1166 2401 1244 2434 voces
1253 2388 1401 2452 praetimere

310 2471 370 2540 foro
382 2468 456 2540 apud
470 2466 550 2520 ovid.
565 2469 624 2519 Am.
638 2466 665 2526 1.
684 2467 725 2528 15,
738 2468 763 2518 6.
778 2497 813 2506 -
828 2471 948 2533 Organa,
967 2465 1076 2539 ὄργανα,
1091 2467 1273 2521 iustrumenta
1286 2469 1400 2542 quotu,

314 2554 386 2626 iupr.
396 2553 506 2606 musica.
517 2582 551 2592 —
561 2555 591 2600 Iu
604 2552 718 2600 manibus
731 2547 874 2602 mulierum
887 2558 958 2602 suut.

351 2651 423 2705 Nor.
442 2649 502 2702 381.
527 2649 642 2712 rasindo,
656 2646 727 2718 lyra,
739 2647 818 2712 χύως,
831 2645 871 2698 sic
882 2641 957 2697 dicta
969 2661 985 2696 a
997 2641 1146 2709 testudine,
1160 2665 1193 2700 ex
1205 2665 1260 2718 qua
1275 2665 1333 2700 eam
1345 2649 1402 2720 pri·

316 2755 389 2790 mum
404 2730 556 2786 Mercurius
569 2729 663 2783 fecisse
675 2725 785 2794 dicitur,
800 2729 913 2782 intensis
927 2729 1019 2783 nervis
1031 2730 1123 2783 ovium
1134 2731 1177 2783 vel
1187 2731 1273 2785 boum
1286 2733 1401 2805 Apollini

316 2822 483 2875 abactarum.
500 2825 509 2850 ¹

351 2967 421 3016 Vtut.
441 2964 500 3014 ³82.
515 2962 615 3026 Crispe,
629 2961 672 3021 56,
683 2969 708 3010 et
721 2960 754 3008 ita
769 2959 858 3025 corrig.
871 2961 995 3010 Plrtltuer.
1009 2969 1038 3009 nt
1049 2961 1174 3010 indicetur
1186 2973 1285 3012 tremor
1296 2964 1400 3014 chorda·

317 3065 386 3110 rum,
400 3049 461 3098 dutn
473 3046 594 3114 gradatim
607 3047 705 3111 pectine
714 3045 854 3110 pulsentur,
865 3055 889 3094 et
897 3045 975 3094 veluti
983 3056 1152 3094 numerentur.

740 3199 973 3221 mmm

315 3306 435 3355 lescentcs
456 3304 564 3371 puberes
586 3302 727 3352 castrandus
750 3303 834 3352 doceri
878 3302 935 3351 tuln·
954 3277 1004 3350 stim
1019 3318 1121 3368 prorsus
1140 3301 1290 3353 diffinderet
1305 3316 1330 3353 et
1344 3321 1397 3354 cur·

316 3385 342 3434 h.
351 3387 368 3434 l.
378 3403 430 3434 nun
441 3384 551 3434 exoletos
562 3386 645 3446 etjam
653 3382 834 3444 barbatos3hio
878 3393 1011 3448 rumperet.
1036 3383 1063 3432 C.
1087 3384 1200 3432 Valesius
1224 3385 1400 3449 planissimum

316 3483 384 3524 vero,
399 3466 460 3530 ipsis
471 3463 591 3513 eunuchis
603 3461 835 3511 traditossuissrca·
879 3463 984 3530 omuino
1003 3479 1103 3511 sensum
1120 3463 1223 3529 putabat
1243 3483 1299 3514 esse
1317 3467 1400 3516 ltunc:

315 3544 476 3601 strandos,et
486 3543 583 3591 illorum
595 3542 620 3590 itl
631 3543 704 3591 inisse
715 3541 833 3592 officium.
879 3543 1001 3607 spadoni.
1021 3543 1064 3608 qui
1085 3544 1213 3592 consuerit
1235 3545 1313 3594 uxori
1333 3555 1398 3604 tut,

315 3625 436 3684 Luhiuns,
443 3625 515 3673 Farn.
523 3635 547 3672 et
554 3621 661 3684 Bahrdt,
669 3622 760 3687 quibus
770 3623 833 3674 Act.
877 3621 1045 3672 concubinum
1056 3634 1124 3671 tuum
1133 3624 1210 3670 instar
1217 3624 1310 3672 Bacchi
1320 3623 1396 3689 cupil-

314 3703 459 3761 adsentitur,
472 3704 539 3752 huuc
550 3703 632 3752 locutu
648 3703 679 3751 tu
694 3704 831 3768 explicant:
877 3703 964 3764 latum,
981 3703 1024 3752 sed
1035 3704 1092 3768 jam
1109 3703 1196 3752 dunum
1212 3713 1236 3752 et
1254 3705 1399 3769 exoletum,

315 3783 369 3833 talis
385 3785 515 3833 eunuchus
531 3783 638 3832 dormiat
653 3800 710 3830 cum
726 3785 832 3848 conjuge
877 3783 929 3830 noli
947 3786 1116 3843 committere,
1138 3801 1168 3832 nc
1189 3800 1203 3831 tt
1223 3785 1351 3848 spadone,
1371 3797 1400 3834 ut

314 3873 370 3925 tus,
385 3882 440 3929 quse
456 3864 522 3912 illius
536 3863 641 3912 membri
660 3863 831 3911 enormitatem
876 3873 1004 3924 uxortua,
1017 3875 1199 3928 corrumpatur.
1210 3863 1262 3911 Atti
1275 3866 1399 3930 iuterpre—

313 3943 381 3991 lucile
396 3945 517 3994 sustinere
531 3956 554 3992 et
569 3945 673 3992 tolerare
686 3942 794 4008 poterin
808 3952 832 3991 rt
877 3956 912 3993 tes
925 3943 963 3993 vel
976 3943 1018 3994 his
1030 3945 1219 4005 adsentiuntur,
1235 3945 1274 3994 vd
1293 3962 1399 4010 proma

312 4021 480 4072 concubinum
492 4037 560 4072 tunm
572 4025 699 4072 Bromium
714 4040 771 4072 cave
781 4023 831 4072 ltu·
876 4033 967 4076 tacent.

308 4101 422 4160 jusmodi
432 4104 549 4154 eunucho
563 4106 654 4154 trudas:
668 4121 725 4153 natu
740 4105 760 4153 si
774 4121 831 4152 curn
913 4111 921 4136 ¹
936 4103 1000 4152 Vide
1013 4104 1095 4170 intpp.
1109 4105 1196 4153 Horat.
1207 4103 1256 4153 Od.
1270 4105 1298 4166 1,
1313 4121 1352 4166 ro,
1364 4105 1381 4154 6
1388 4135 1399 4164 ,

311 4179 356 4234 illo
370 4181 505 4246 dormiret,
524 4203 582 4235 euru
598 4185 744 4236 enormltate
759 4199 830 4234 meu·
877 4195 901 4234 et
915 4185 966 4246 111,
979 4201 1019 4245 rr,
1031 4187 1057 4234 3.
