<?xml version="1.0" encoding="UTF-8"?>
<!DOCTYPE html PUBLIC "-//W3C//DTD XHTML 1.0 Transitional//EN"
    "http://www.w3.org/TR/xhtml1/DTD/xhtml1-transitional.dtd">
<html xmlns="http://www.w3.org/1999/xhtml" xml:lang="en" lang="en">
 <head>
  <title>
</title>
<meta http-equiv="Content-Type" content="text/html;charset=utf-8" />
  <meta name='ocr-system' content='tesseract 3.04.00' />
  <meta name='ocr-capabilities' content='ocr_page ocr_carea ocr_par ocr_line ocrx_word'/>
</head>
<body>
  <div class='ocr_page' id='page_1' title='image "./sexdecimsatir01lemagoog_0576.png"; bbox 0 0 3134 4990; ppageno 0'>
   <div class='ocr_carea' id='block_1_1' title="bbox 308 382 1243 484">
    <p class='ocr_par' dir='ltr' id='par_1_1' title="bbox 308 382 1243 484">
     <span class='ocr_line' id='line_1_1' title="bbox 308 382 1243 484; baseline 0.01 -30"><span class='ocrx_word' id='word_1_1' title='bbox 308 382 1104 460; x_wconf 68' lang='lat' dir='ltr'><strong>vlaaac‘rarnoantslusam.</strong></span> <span class='ocrx_word' id='word_1_2' title='bbox 1179 395 1243 484; x_wconf 83' lang='lat'><strong>⁵⁵7</strong></span> 
     </span>
    </p>
   </div>
   <div class='ocr_carea' id='block_1_2' title="bbox 167 495 1246 1386">
    <p class='ocr_par' dir='ltr' id='par_1_2' title="bbox 167 495 1246 1386">
     <span class='ocr_line' id='line_1_2' title="bbox 204 495 1241 576; baseline 0.009 -26"><span class='ocrx_word' id='word_1_3' title='bbox 204 495 274 552; x_wconf 80' lang='lat' dir='ltr'><strong>Nor.</strong></span> <span class='ocrx_word' id='word_1_4' title='bbox 293 503 321 566; x_wconf 80' lang='lat'><strong>6,</strong></span> <span class='ocrx_word' id='word_1_5' title='bbox 334 518 359 570; x_wconf 90' lang='lat'><strong>7.</strong></span> <span class='ocrx_word' id='word_1_6' title='bbox 379 505 516 566; x_wconf 81' lang='lat' dir='ltr'><strong>Proeeones,</strong></span> <span class='ocrx_word' id='word_1_7' title='bbox 527 517 642 572; x_wconf 86' lang='lat' dir='ltr'><strong>quorum</strong></span> <span class='ocrx_word' id='word_1_8' title='bbox 652 500 714 553; x_wconf 76' lang='lat' dir='ltr'><strong>vitu</strong></span> <span class='ocrx_word' id='word_1_9' title='bbox 727 503 913 574; x_wconf 16' lang='lat' dir='ltr'><strong>genuretlrile</strong></span> <span class='ocrx_word' id='word_1_10' title='bbox 923 514 981 556; x_wconf 89' lang='lat' dir='ltr'><strong>erat</strong></span> <span class='ocrx_word' id='word_1_11' title='bbox 991 517 1020 558; x_wconf 90' lang='lat' dir='ltr'><strong>et</strong></span> <span class='ocrx_word' id='word_1_12' title='bbox 1031 514 1041 541; x_wconf 88' lang='lat'>¹</span> <span class='ocrx_word' id='word_1_13' title='bbox 1051 516 1241 576; x_wconf 70' lang='lat' dir='ltr'><strong>quartuoaum.</strong></span> 
     </span>
     <span class='ocr_line' id='line_1_3' title="bbox 168 577 1245 661; baseline 0.008 -29"><span class='ocrx_word' id='word_1_14' title='bbox 168 609 205 620; x_wconf 90' lang='lat'>—</span> <span class='ocrx_word' id='word_1_15' title='bbox 215 585 325 636; x_wconf 64' lang='lat' dir='ltr'><strong>Decem</strong></span> <span class='ocrx_word' id='word_1_16' title='bbox 337 585 480 652; x_wconf 70' lang='lat' dir='ltr'><strong>Aganippes</strong></span> <span class='ocrx_word' id='word_1_17' title='bbox 492 586 612 644; x_wconf 74' lang='lat' dir='ltr'><strong>uallibus,</strong></span> <span class='ocrx_word' id='word_1_18' title='bbox 626 582 716 636; x_wconf 71' lang='lat' dir='ltr'><strong>mirsia</strong></span> <span class='ocrx_word' id='word_1_19' title='bbox 732 582 841 649; x_wconf 73' lang='lat' dir='ltr'><strong>etudiiu,</strong></span> <span class='ocrx_word' id='word_1_20' title='bbox 860 577 948 639; x_wconf 61' lang='lat' dir='ltr'><strong>‘valere</strong></span> <span class='ocrx_word' id='word_1_21' title='bbox 962 585 1044 657; x_wconf 82' lang='lat' dir='ltr'><strong>juaaia</strong></span> <span class='ocrx_word' id='word_1_22' title='bbox 1061 587 1166 654; x_wconf 75' lang='lat' dir='ltr'><strong>blatii,</strong></span> <span class='ocrx_word' id='word_1_23' title='bbox 1184 606 1245 661; x_wconf 79' lang='lat' dir='ltr'><strong>quer</strong></span> 
     </span>
     <span class='ocr_line' id='line_1_4' title="bbox 167 659 1241 728; baseline 0.007 -13"><span class='ocrx_word' id='word_1_24' title='bbox 167 677 370 719; x_wconf 73' lang='lat' dir='ltr'><strong>commorantur</strong></span> <span class='ocrx_word' id='word_1_25' title='bbox 382 666 410 719; x_wconf 89' lang='lat' dir='ltr'><strong>in</strong></span> <span class='ocrx_word' id='word_1_26' title='bbox 421 669 534 718; x_wconf 79' lang='lat' dir='ltr'><strong>vallibus</strong></span> <span class='ocrx_word' id='word_1_27' title='bbox 547 665 673 720; x_wconf 69' lang='lat' dir='ltr'><strong>solitariis</strong></span> <span class='ocrx_word' id='word_1_28' title='bbox 684 677 711 718; x_wconf 85' lang='lat' dir='ltr'><strong>et</strong></span> <span class='ocrx_word' id='word_1_29' title='bbox 721 667 829 720; x_wconf 74' lang='lat' dir='ltr'><strong>amunia</strong></span> <span class='ocrx_word' id='word_1_30' title='bbox 840 659 990 728; x_wconf 69' lang='lat' dir='ltr'><strong>recentibua</strong></span> <span class='ocrx_word' id='word_1_31' title='bbox 1001 667 1146 724; x_wconf 82' lang='lat' dir='ltr'><strong>Heliconia.</strong></span> <span class='ocrx_word' id='word_1_32' title='bbox 1162 670 1241 723; x_wconf 78' lang='lat' dir='ltr'><strong>Cous.</strong></span> 
     </span>
     <span class='ocr_line' id='line_1_5' title="bbox 167 744 1242 816; baseline 0.008 -19"><span class='ocrx_word' id='word_1_33' title='bbox 167 744 204 799; x_wconf 83' lang='lat' dir='ltr'><strong>ad</strong></span> <span class='ocrx_word' id='word_1_34' title='bbox 215 765 258 801; x_wconf 81' lang='lat' dir='ltr'><strong>va.</strong></span> <span class='ocrx_word' id='word_1_35' title='bbox 272 749 299 800; x_wconf 85' lang='lat'><strong>8.</strong></span> <span class='ocrx_word' id='word_1_36' title='bbox 309 777 345 789; x_wconf 92' lang='lat'><strong>—-</strong></span> <span class='ocrx_word' id='word_1_37' title='bbox 355 750 503 816; x_wconf 68' lang='lat' dir='ltr'><strong>Aganippe,</strong></span> <span class='ocrx_word' id='word_1_38' title='bbox 514 748 575 800; x_wconf 83' lang='lat' dir='ltr'><strong>iona</strong></span> <span class='ocrx_word' id='word_1_39' title='bbox 584 747 731 810; x_wconf 81' lang='lat' dir='ltr'><strong>Heliconia,</strong></span> <span class='ocrx_word' id='word_1_40' title='bbox 746 747 907 813; x_wconf 56' lang='lat' dir='ltr'><strong>inmania,</strong></span> <span class='ocrx_word' id='word_1_41' title='bbox 917 750 1004 804; x_wconf 76' lang='lat' dir='ltr'><strong>Mutia</strong></span> <span class='ocrx_word' id='word_1_42' title='bbox 1017 759 1118 805; x_wconf 71' lang='lat' dir='ltr'><strong>’taccu</strong></span> <span class='ocrx_word' id='word_1_43' title='bbox 1127 782 1162 793; x_wconf 94' lang='lat'>—</span> <span class='ocrx_word' id='word_1_44' title='bbox 1176 756 1242 815; x_wconf 83' lang='lat' dir='ltr'><strong>Clio,</strong></span> 
     </span>
     <span class='ocr_line' id='line_1_6' title="bbox 167 828 1245 906; baseline 0.008 -26"><span class='ocrx_word' id='word_1_45' title='bbox 167 845 223 880; x_wconf 87' lang='lat' dir='ltr'><strong>una</strong></span> <span class='ocrx_word' id='word_1_46' title='bbox 236 829 364 890; x_wconf 85' lang='lat' dir='ltr'><strong>ebluaia,</strong></span> <span class='ocrx_word' id='word_1_47' title='bbox 377 829 405 884; x_wconf 89' lang='lat' dir='ltr'><strong>b.</strong></span> <span class='ocrx_word' id='word_1_48' title='bbox 419 831 438 883; x_wconf 90' lang='lat'><strong>1.</strong></span> <span class='ocrx_word' id='word_1_49' title='bbox 453 828 534 884; x_wconf 85' lang='lat' dir='ltr'><strong>docte</strong></span> <span class='ocrx_word' id='word_1_50' title='bbox 545 849 596 902; x_wconf 91' lang='lat' dir='ltr'><strong>pro</strong></span> <span class='ocrx_word' id='word_1_51' title='bbox 606 842 698 902; x_wconf 88' lang='lat' dir='ltr'><strong>poeta.</strong></span> <span class='ocrx_word' id='word_1_52' title='bbox 711 862 746 874; x_wconf 88' lang='lat'><em>-</em></span> <span class='ocrx_word' id='word_1_53' title='bbox 758 837 789 884; x_wconf 82' lang='lat' dir='ltr'><strong>In</strong></span> <span class='ocrx_word' id='word_1_54' title='bbox 801 834 868 884; x_wconf 83' lang='lat' dir='ltr'><strong>atria</strong></span> <span class='ocrx_word' id='word_1_55' title='bbox 879 831 994 886; x_wconf 84' lang='lat' dir='ltr'><strong>divitum</strong></span> <span class='ocrx_word' id='word_1_56' title='bbox 1005 834 1204 906; x_wconf 83' lang='lat' dir='ltr'><strong>nobiliumque,</strong></span> <span class='ocrx_word' id='word_1_57' title='bbox 1216 835 1245 890; x_wconf 87' lang='lat' dir='ltr'><strong>in</strong></span> 
     </span>
     <span class='ocr_line' id='line_1_7' title="bbox 167 911 1245 991; baseline 0.009 -27"><span class='ocrx_word' id='word_1_58' title='bbox 167 911 269 982; x_wconf 86' lang='lat' dir='ltr'><strong>quibua</strong></span> <span class='ocrx_word' id='word_1_59' title='bbox 281 912 393 968; x_wconf 80' lang='lat' dir='ltr'><strong>clienter</strong></span> <span class='ocrx_word' id='word_1_60' title='bbox 402 927 549 986; x_wconf 90' lang='lat' dir='ltr'><strong>patronum</strong></span> <span class='ocrx_word' id='word_1_61' title='bbox 559 914 691 978; x_wconf 74' lang='lat' dir='ltr'><strong>uolutare,</strong></span> <span class='ocrx_word' id='word_1_62' title='bbox 705 916 749 970; x_wconf 81' lang='lat' dir='ltr'><strong>vel</strong></span> <span class='ocrx_word' id='word_1_63' title='bbox 760 917 895 988; x_wconf 81' lang='lat' dir='ltr'><strong>tportulaa</strong></span> <span class='ocrx_word' id='word_1_64' title='bbox 905 929 998 988; x_wconf 83' lang='lat' dir='ltr'><strong>petere</strong></span> <span class='ocrx_word' id='word_1_65' title='bbox 1007 931 1034 972; x_wconf 84' lang='lat' dir='ltr'><strong>et</strong></span> <span class='ocrx_word' id='word_1_66' title='bbox 1044 919 1165 991; x_wconf 81' lang='lat' dir='ltr'><strong>accipere</strong></span> <span class='ocrx_word' id='word_1_67' title='bbox 1176 921 1245 974; x_wconf 87' lang='lat' dir='ltr'><strong>aole·</strong></span> 
     </span>
     <span class='ocr_line' id='line_1_8' title="bbox 167 992 1246 1073; baseline 0.008 -27"><span class='ocrx_word' id='word_1_68' title='bbox 167 992 247 1057; x_wconf 81' lang='lat' dir='ltr'><strong>baut;</strong></span> <span class='ocrx_word' id='word_1_69' title='bbox 257 992 332 1049; x_wconf 82' lang='lat' dir='ltr'><strong>unde</strong></span> <span class='ocrx_word' id='word_1_70' title='bbox 341 997 435 1048; x_wconf 80' lang='lat' dir='ltr'><strong>Balrdt</strong></span> <span class='ocrx_word' id='word_1_71' title='bbox 446 1015 501 1050; x_wconf 89' lang='lat' dir='ltr'><strong>noo</strong></span> <span class='ocrx_word' id='word_1_72' title='bbox 516 996 583 1050; x_wconf 84' lang='lat' dir='ltr'><strong>male</strong></span> <span class='ocrx_word' id='word_1_73' title='bbox 594 995 714 1051; x_wconf 81' lang='lat' dir='ltr'><strong>reddidit</strong></span> <span class='ocrx_word' id='word_1_74' title='bbox 727 1016 810 1070; x_wconf 71' lang='lat' dir='ltr'><strong>perna</strong></span> <span class='ocrx_word' id='word_1_75' title='bbox 823 999 1047 1061; x_wconf 49' lang='lat' dir='ltr'><strong>Aniciorum&amp;-</strong></span> <span class='ocrx_word' id='word_1_76' title='bbox 1055 1001 1162 1073; x_wconf 72' lang='lat' dir='ltr'><strong>gallioe,</strong></span> <span class='ocrx_word' id='word_1_77' title='bbox 1171 1005 1246 1071; x_wconf 71' lang='lat' dir='ltr'><strong>sitire</strong></span> 
     </span>
     <span class='ocr_line' id='line_1_9' title="bbox 168 1078 1244 1157; baseline 0.01 -29"><span class='ocrx_word' id='word_1_78' title='bbox 168 1080 345 1130; x_wconf 63' lang='lat' dir='ltr'><strong>ariciam.</strong></span> <span class='ocrx_word' id='word_1_79' title='bbox 357 1109 393 1121; x_wconf 93' lang='lat'><strong>-·</strong></span> <span class='ocrx_word' id='word_1_80' title='bbox 404 1080 444 1133; x_wconf 83' lang='lat' dir='ltr'><strong>Ea</strong></span> <span class='ocrx_word' id='word_1_81' title='bbox 455 1097 515 1151; x_wconf 76' lang='lat' dir='ltr'><strong>quar</strong></span> <span class='ocrx_word' id='word_1_82' title='bbox 522 1078 692 1151; x_wconf 77' lang='lat' dir='ltr'><strong>praecedunt,</strong></span> <span class='ocrx_word' id='word_1_83' title='bbox 699 1085 905 1156; x_wconf 73' lang='lat' dir='ltr'><strong>proeoonesfieri‚</strong></span> <span class='ocrx_word' id='word_1_84' title='bbox 917 1095 943 1137; x_wconf 86' lang='lat' dir='ltr'><strong>et</strong></span> <span class='ocrx_word' id='word_1_85' title='bbox 951 1099 1173 1157; x_wconf 63' lang='lat' dir='ltr'><strong>qomaequunton</strong></span> <span class='ocrx_word' id='word_1_86' title='bbox 1181 1107 1244 1139; x_wconf 81' lang='lat' dir='ltr'><strong>ueri·</strong></span> 
     </span>
     <span class='ocr_line' id='line_1_10' title="bbox 168 1163 1244 1239; baseline 0.01 -27"><span class='ocrx_word' id='word_1_87' title='bbox 168 1164 229 1223; x_wconf 76' lang='lat' dir='ltr'><strong>das,</strong></span> <span class='ocrx_word' id='word_1_88' title='bbox 244 1165 344 1227; x_wconf 71' lang='lat' dir='ltr'><strong>amin,</strong></span> <span class='ocrx_word' id='word_1_89' title='bbox 355 1163 428 1218; x_wconf 89' lang='lat' dir='ltr'><strong>bunc</strong></span> <span class='ocrx_word' id='word_1_90' title='bbox 440 1163 561 1218; x_wconf 86' lang='lat' dir='ltr'><strong>Turnebi</strong></span> <span class='ocrx_word' id='word_1_91' title='bbox 573 1183 681 1219; x_wconf 81' lang='lat' dir='ltr'><strong>aeneum</strong></span> <span class='ocrx_word' id='word_1_92' title='bbox 693 1166 852 1220; x_wconf 82' lang='lat' dir='ltr'><strong>confirmare</strong></span> <span class='ocrx_word' id='word_1_93' title='bbox 863 1166 982 1239; x_wconf 77' lang='lat' dir='ltr'><strong>poeaiut:</strong></span> <span class='ocrx_word' id='word_1_94' title='bbox 996 1167 1106 1234; x_wconf 81' lang='lat' dir='ltr'><strong>«Quum</strong></span> <span class='ocrx_word' id='word_1_95' title='bbox 1119 1169 1148 1222; x_wconf 91' lang='lat' dir='ltr'><strong>io</strong></span> <span class='ocrx_word' id='word_1_96' title='bbox 1164 1171 1244 1224; x_wconf 72' lang='lat' dir='ltr'><strong>Atriis</strong></span> 
     </span>
     <span class='ocr_line' id='line_1_11' title="bbox 167 1244 1243 1324; baseline 0.01 -26"><span class='ocrx_word' id='word_1_97' title='bbox 167 1244 287 1308; x_wconf 75' lang='lat' dir='ltr'><strong>liciniis,</strong></span> <span class='ocrx_word' id='word_1_98' title='bbox 298 1259 325 1300; x_wconf 88' lang='lat' dir='ltr'><strong>et</strong></span> <span class='ocrx_word' id='word_1_99' title='bbox 335 1247 396 1302; x_wconf 83' lang='lat' dir='ltr'><strong>aliia</strong></span> <span class='ocrx_word' id='word_1_100' title='bbox 409 1248 469 1301; x_wconf 83' lang='lat' dir='ltr'><strong>loro</strong></span> <span class='ocrx_word' id='word_1_101' title='bbox 481 1247 589 1312; x_wconf 78' lang='lat' dir='ltr'><strong>ricinia,</strong></span> <span class='ocrx_word' id='word_1_102' title='bbox 604 1249 672 1311; x_wconf 89' lang='lat' dir='ltr'><strong>Clio,</strong></span> <span class='ocrx_word' id='word_1_103' title='bbox 684 1249 776 1315; x_wconf 76' lang='lat' dir='ltr'><strong>idest,</strong></span> <span class='ocrx_word' id='word_1_104' title='bbox 787 1264 886 1324; x_wconf 89' lang='lat' dir='ltr'><strong>poeta,</strong></span> <span class='ocrx_word' id='word_1_105' title='bbox 897 1251 948 1305; x_wconf 82' lang='lat' dir='ltr'><strong>aab</strong></span> <span class='ocrx_word' id='word_1_106' title='bbox 957 1250 1080 1307; x_wconf 87' lang='lat' dir='ltr'><strong>auctione</strong></span> <span class='ocrx_word' id='word_1_107' title='bbox 1089 1253 1243 1308; x_wconf 74' lang='lat' dir='ltr'><strong>venderet.-</strong></span> 
     </span>
     <span class='ocr_line' id='line_1_12' title="bbox 168 1327 652 1386; baseline 0.012 -6"><span class='ocrx_word' id='word_1_108' title='bbox 168 1328 260 1382; x_wconf 79' lang='lat' dir='ltr'><strong>l’oteet</strong></span> <span class='ocrx_word' id='word_1_109' title='bbox 270 1341 298 1382; x_wconf 94' lang='lat' dir='ltr'><strong>et</strong></span> <span class='ocrx_word' id='word_1_110' title='bbox 307 1329 352 1385; x_wconf 91' lang='lat' dir='ltr'><strong>bic</strong></span> <span class='ocrx_word' id='word_1_111' title='bbox 362 1347 456 1384; x_wconf 82' lang='lat' dir='ltr'><strong>aenam</strong></span> <span class='ocrx_word' id='word_1_112' title='bbox 466 1327 584 1385; x_wconf 83' lang='lat' dir='ltr'><strong>delendi.</strong></span> <span class='ocrx_word' id='word_1_113' title='bbox 598 1331 652 1386; x_wconf 86' lang='lat' dir='ltr'><strong>En.</strong></span> 
     </span>
    </p>
   </div>
   <div class='ocr_carea' id='block_1_3' title="bbox 168 1486 1245 1904">
    <p class='ocr_par' dir='ltr' id='par_1_3' title="bbox 168 1486 1245 1804">
     <span class='ocr_line' id='line_1_13' title="bbox 205 1486 1241 1556; baseline 0.008 -23"><span class='ocrx_word' id='word_1_114' title='bbox 205 1486 276 1534; x_wconf 79' lang='lat' dir='ltr'><strong>Van.</strong></span> <span class='ocrx_word' id='word_1_115' title='bbox 294 1487 320 1534; x_wconf 91' lang='grc'><strong>8.</strong></span> <span class='ocrx_word' id='word_1_116' title='bbox 334 1489 402 1536; x_wconf 79' lang='lat' dir='ltr'><strong>Ama</strong></span> <span class='ocrx_word' id='word_1_117' title='bbox 415 1504 463 1554; x_wconf 90' lang='lat' dir='ltr'><strong>pro</strong></span> <span class='ocrx_word' id='word_1_118' title='bbox 476 1489 574 1552; x_wconf 75' lang='lat' dir='ltr'><strong>ambra,</strong></span> <span class='ocrx_word' id='word_1_119' title='bbox 591 1504 632 1550; x_wconf 84' lang='lat' dir='ltr'><strong>ro,</strong></span> <span class='ocrx_word' id='word_1_120' title='bbox 647 1505 688 1550; x_wconf 80' lang='lat' dir='ltr'><strong>ra,</strong></span> <span class='ocrx_word' id='word_1_121' title='bbox 703 1497 816 1552; x_wconf 71' lang='lat'>14—17,</span> <span class='ocrx_word' id='word_1_122' title='bbox 831 1491 942 1553; x_wconf 77' lang='lat'>18-27‚</span> <span class='ocrx_word' id='word_1_123' title='bbox 956 1492 1069 1552; x_wconf 72' lang='lat'><strong>45-50,</strong></span> <span class='ocrx_word' id='word_1_124' title='bbox 1084 1491 1197 1556; x_wconf 73' lang='grc'><strong>54-69,</strong></span> <span class='ocrx_word' id='word_1_125' title='bbox 1210 1508 1241 1555; x_wconf 88' lang='lat'><strong>&#39;7¹</strong></span> 
     </span>
     <span class='ocr_line' id='line_1_14' title="bbox 169 1571 1245 1640; baseline 0.008 -25"><span class='ocrx_word' id='word_1_126' title='bbox 169 1577 254 1629; x_wconf 72' lang='grc'><strong>-74,</strong></span> <span class='ocrx_word' id='word_1_127' title='bbox 264 1579 289 1616; x_wconf 86' lang='lat' dir='ltr'><strong>et</strong></span> <span class='ocrx_word' id='word_1_128' title='bbox 298 1571 415 1620; x_wconf 80' lang='lat' dir='ltr'><strong>mm</strong></span> <span class='ocrx_word' id='word_1_129' title='bbox 426 1571 505 1620; x_wconf 81' lang='lat' dir='ltr'><strong>Codd</strong></span> <span class='ocrx_word' id='word_1_130' title='bbox 518 1572 594 1620; x_wconf 81' lang='lat' dir='ltr'><strong>Paria.</strong></span> <span class='ocrx_word' id='word_1_131' title='bbox 605 1571 678 1638; x_wconf 85' lang='lat' dir='ltr'><strong>prob.</strong></span> <span class='ocrx_word' id='word_1_132' title='bbox 688 1572 779 1638; x_wconf 77' lang='lat' dir='ltr'><strong>Grang.</strong></span> <span class='ocrx_word' id='word_1_133' title='bbox 790 1583 914 1623; x_wconf 74' lang='lat' dir='ltr'><strong>utaentur</strong></span> <span class='ocrx_word' id='word_1_134' title='bbox 924 1575 972 1623; x_wconf 86' lang='lat' dir='ltr'><strong>ait:</strong></span> <span class='ocrx_word' id='word_1_135' title='bbox 986 1575 1161 1640; x_wconf 84' lang='lat' dir='ltr'><strong>aioompouia,</strong></span> <span class='ocrx_word' id='word_1_136' title='bbox 1173 1587 1201 1624; x_wconf 89' lang='lat' dir='ltr'><strong>ut</strong></span> <span class='ocrx_word' id='word_1_137' title='bbox 1211 1577 1245 1624; x_wconf 88' lang='lat' dir='ltr'><strong>ait</strong></span> 
     </span>
     <span class='ocr_line' id='line_1_15' title="bbox 168 1652 1244 1722; baseline 0.006 -22"><span class='ocrx_word' id='word_1_138' title='bbox 168 1652 220 1713; x_wconf 84' lang='lat' dir='ltr'><strong>ille,</strong></span> <span class='ocrx_word' id='word_1_139' title='bbox 230 1654 344 1702; x_wconf 74' lang='lat' dir='ltr'><strong>munina</strong></span> <span class='ocrx_word' id='word_1_140' title='bbox 354 1655 434 1705; x_wconf 78' lang='lat' dir='ltr'><strong>nullos</strong></span> <span class='ocrx_word' id='word_1_141' title='bbox 444 1654 576 1722; x_wconf 77' lang='lat' dir='ltr'><strong>referentia</strong></span> <span class='ocrx_word' id='word_1_142' title='bbox 585 1671 678 1706; x_wconf 80' lang='lat' dir='ltr'><strong>rumor.</strong></span> <span class='ocrx_word' id='word_1_143' title='bbox 691 1656 740 1705; x_wconf 85' lang='lat' dir='ltr'><strong>Sed</strong></span> <span class='ocrx_word' id='word_1_144' title='bbox 749 1667 833 1706; x_wconf 75' lang='lat' dir='ltr'><strong>nostra</strong></span> <span class='ocrx_word' id='word_1_145' title='bbox 842 1656 916 1706; x_wconf 85' lang='lat' dir='ltr'><strong>lectio</strong></span> <span class='ocrx_word' id='word_1_146' title='bbox 926 1658 1073 1722; x_wconf 66' lang='lat' dir='ltr'><strong>exquisitior</strong></span> <span class='ocrx_word' id='word_1_147' title='bbox 1082 1668 1120 1707; x_wconf 85' lang='lat' dir='ltr'><strong>eat</strong></span> <span class='ocrx_word' id='word_1_148' title='bbox 1128 1667 1154 1707; x_wconf 87' lang='lat' dir='ltr'><strong>et</strong></span> <span class='ocrx_word' id='word_1_149' title='bbox 1165 1673 1244 1708; x_wconf 84' lang='lat' dir='ltr'><strong>vena·</strong></span> 
     </span>
     <span class='ocr_line' id='line_1_16' title="bbox 168 1736 721 1804; baseline 0.004 -20"><span class='ocrx_word' id='word_1_150' title='bbox 168 1736 240 1797; x_wconf 88' lang='lat' dir='ltr'><strong>atior,</strong></span> <span class='ocrx_word' id='word_1_151' title='bbox 250 1737 292 1786; x_wconf 85' lang='lat' dir='ltr'><strong>illa</strong></span> <span class='ocrx_word' id='word_1_152' title='bbox 304 1736 375 1786; x_wconf 87' lang='lat' dir='ltr'><strong>acioli</strong></span> <span class='ocrx_word' id='word_1_153' title='bbox 385 1739 524 1788; x_wconf 84' lang='lat' dir='ltr'><strong>acbolaatici</strong></span> <span class='ocrx_word' id='word_1_154' title='bbox 535 1755 640 1788; x_wconf 84' lang='lat' dir='ltr'><strong>acumen</strong></span> <span class='ocrx_word' id='word_1_155' title='bbox 649 1739 721 1804; x_wconf 78' lang='lat' dir='ltr'><strong>rapit.</strong></span> 
     </span>
    </p>

    <p class='ocr_par' dir='ltr' id='par_1_4' title="bbox 204 1825 1245 1904">
     <span class='ocr_line' id='line_1_17' title="bbox 204 1825 1245 1904; baseline 0.006 -25"><span class='ocrx_word' id='word_1_156' title='bbox 204 1825 274 1880; x_wconf 83' lang='lat' dir='ltr'><strong>Nor.</strong></span> <span class='ocrx_word' id='word_1_157' title='bbox 292 1828 388 1883; x_wconf 82' lang='lat'>8—16.</span> <span class='ocrx_word' id='word_1_158' title='bbox 407 1828 436 1883; x_wconf 90' lang='lat' dir='ltr'><strong>Si</strong></span> <span class='ocrx_word' id='word_1_159' title='bbox 453 1829 547 1884; x_wconf 85' lang='lat' dir='ltr'><strong>atodio</strong></span> <span class='ocrx_word' id='word_1_160' title='bbox 559 1829 698 1884; x_wconf 83' lang='lat' dir='ltr'><strong>literarum</strong></span> <span class='ocrx_word' id='word_1_161' title='bbox 714 1842 741 1884; x_wconf 82' lang='lat' dir='ltr'><strong>et</strong></span> <span class='ocrx_word' id='word_1_162' title='bbox 755 1829 867 1902; x_wconf 80' lang='lat' dir='ltr'><strong>poetica</strong></span> <span class='ocrx_word' id='word_1_163' title='bbox 881 1849 936 1885; x_wconf 86' lang='lat' dir='ltr'><strong>non</strong></span> <span class='ocrx_word' id='word_1_164' title='bbox 950 1832 1165 1904; x_wconf 70' lang='lat' dir='ltr'><strong>pomponia,</strong></span> <span class='ocrx_word' id='word_1_165' title='bbox 1184 1850 1245 1904; x_wconf 82' lang='lat' dir='ltr'><strong>quaa</strong></span> 
     </span>
    </p>
   </div>
   <div class='ocr_carea' id='block_1_4' title="bbox 166 1908 1245 3144">
    <p class='ocr_par' dir='ltr' id='par_1_5' title="bbox 166 1908 1245 3144">
     <span class='ocr_line' id='line_1_18' title="bbox 169 1908 1245 1985; baseline 0.007 -23"><span class='ocrx_word' id='word_1_166' title='bbox 169 1908 342 1982; x_wconf 72' lang='lat' dir='ltr'><strong>suppeditent</strong></span> <span class='ocrx_word' id='word_1_167' title='bbox 352 1910 386 1966; x_wconf 93' lang='lat' dir='ltr'><strong>ad</strong></span> <span class='ocrx_word' id='word_1_168' title='bbox 395 1911 508 1978; x_wconf 83' lang='lat' dir='ltr'><strong>rictum,</strong></span> <span class='ocrx_word' id='word_1_169' title='bbox 517 1913 601 1967; x_wconf 81' lang='lat' dir='ltr'><strong>eatiua</strong></span> <span class='ocrx_word' id='word_1_170' title='bbox 610 1925 661 1975; x_wconf 83' lang='lat' dir='ltr'><strong>eat,</strong></span> <span class='ocrx_word' id='word_1_171' title='bbox 672 1913 836 1985; x_wconf 77' lang='lat' dir='ltr'><strong>praeconium</strong></span> <span class='ocrx_word' id='word_1_172' title='bbox 848 1913 949 1977; x_wconf 83' lang='lat' dir='ltr'><strong>iacere,</strong></span> <span class='ocrx_word' id='word_1_173' title='bbox 961 1924 1053 1967; x_wconf 85' lang='lat' dir='ltr'><strong>ettam</strong></span> <span class='ocrx_word' id='word_1_174' title='bbox 1063 1914 1112 1966; x_wconf 82' lang='lat' dir='ltr'><strong>vili</strong></span> <span class='ocrx_word' id='word_1_175' title='bbox 1125 1913 1245 1970; x_wconf 81' lang='lat' dir='ltr'><strong>miniate-</strong></span> 
     </span>
     <span class='ocr_line' id='line_1_19' title="bbox 168 1994 1244 2069; baseline 0.003 -23"><span class='ocrx_word' id='word_1_176' title='bbox 168 1994 212 2047; x_wconf 91' lang='lat' dir='ltr'><strong>rio</strong></span> <span class='ocrx_word' id='word_1_177' title='bbox 223 1995 303 2048; x_wconf 76' lang='lat' dir='ltr'><strong>vitam</strong></span> <span class='ocrx_word' id='word_1_178' title='bbox 317 1997 489 2068; x_wconf 73' lang='lat' dir='ltr'><strong>inopiamque</strong></span> <span class='ocrx_word' id='word_1_179' title='bbox 499 1998 628 2061; x_wconf 85' lang='lat' dir='ltr'><strong>tolerare,</strong></span> <span class='ocrx_word' id='word_1_180' title='bbox 642 2014 724 2069; x_wconf 88' lang='lat' dir='ltr'><strong>quam</strong></span> <span class='ocrx_word' id='word_1_181' title='bbox 733 2014 783 2068; x_wconf 85' lang='lat' dir='ltr'><strong>per</strong></span> <span class='ocrx_word' id='word_1_182' title='bbox 793 1994 947 2049; x_wconf 73' lang='lat' dir='ltr'><strong>inhonestat</strong></span> <span class='ocrx_word' id='word_1_183' title='bbox 957 2007 984 2049; x_wconf 87' lang='lat' dir='ltr'><strong>et</strong></span> <span class='ocrx_word' id='word_1_184' title='bbox 995 1996 1079 2050; x_wconf 85' lang='lat' dir='ltr'><strong>malaa</strong></span> <span class='ocrx_word' id='word_1_185' title='bbox 1092 2010 1164 2050; x_wconf 72' lang='lat' dir='ltr'><strong>artes</strong></span> <span class='ocrx_word' id='word_1_186' title='bbox 1174 1995 1244 2050; x_wconf 80' lang='lat' dir='ltr'><strong>divi·</strong></span> 
     </span>
     <span class='ocr_line' id='line_1_20' title="bbox 168 2075 1244 2149; baseline 0.003 -21"><span class='ocrx_word' id='word_1_187' title='bbox 168 2075 219 2128; x_wconf 81' lang='lat' dir='ltr'><strong>tior</strong></span> <span class='ocrx_word' id='word_1_188' title='bbox 228 2095 355 2148; x_wconf 74' lang='lat' dir='ltr'><strong>quarere.</strong></span> <span class='ocrx_word' id='word_1_189' title='bbox 367 2108 402 2120; x_wconf 90' lang='lat'>-</span> <span class='ocrx_word' id='word_1_190' title='bbox 412 2081 440 2129; x_wconf 81' lang='lat' dir='ltr'><strong>Si</strong></span> <span class='ocrx_word' id='word_1_191' title='bbox 448 2081 492 2130; x_wconf 75' lang='lat' dir='ltr'><strong>tibi</strong></span> <span class='ocrx_word' id='word_1_192' title='bbox 502 2077 648 2130; x_wconf 79' lang='lat' dir='ltr'><strong>uitendator</strong></span> <span class='ocrx_word' id='word_1_193' title='bbox 660 2080 743 2129; x_wconf 77' lang='lat' dir='ltr'><strong>nulius</strong></span> <span class='ocrx_word' id='word_1_194' title='bbox 756 2079 892 2145; x_wconf 79' lang='lat' dir='ltr'><strong>quadrum,</strong></span> <span class='ocrx_word' id='word_1_195' title='bbox 904 2095 938 2130; x_wconf 83' lang='lat' dir='ltr'><strong>ne</strong></span> <span class='ocrx_word' id='word_1_196' title='bbox 946 2095 1038 2149; x_wconf 74' lang='lat' dir='ltr'><strong>parva</strong></span> <span class='ocrx_word' id='word_1_197' title='bbox 1049 2076 1161 2149; x_wconf 87' lang='lat' dir='ltr'><strong>quidem</strong></span> <span class='ocrx_word' id='word_1_198' title='bbox 1172 2097 1244 2131; x_wconf 83' lang='lat' dir='ltr'><strong>mer·</strong></span> 
     </span>
     <span class='ocr_line' id='line_1_21' title="bbox 168 2159 1244 2234; baseline 0 -20"><span class='ocrx_word' id='word_1_199' title='bbox 168 2159 243 2214; x_wconf 72' lang='lat' dir='ltr'><strong>cedis</strong></span> <span class='ocrx_word' id='word_1_200' title='bbox 251 2179 321 2233; x_wconf 82' lang='lat' dir='ltr'><strong>apae.</strong></span> <span class='ocrx_word' id='word_1_201' title='bbox 334 2165 474 2230; x_wconf 69' lang='lat' dir='ltr'><strong>Quadratae,</strong></span> <span class='ocrx_word' id='word_1_202' title='bbox 486 2161 613 2234; x_wconf 76' lang='lat' dir='ltr'><strong>exiguum</strong></span> <span class='ocrx_word' id='word_1_203' title='bbox 624 2160 699 2214; x_wconf 89' lang='lat' dir='ltr'><strong>numi</strong></span> <span class='ocrx_word' id='word_1_204' title='bbox 710 2177 804 2232; x_wconf 78' lang='lat' dir='ltr'><strong>genua,</strong></span> <span class='ocrx_word' id='word_1_205' title='bbox 816 2170 913 2229; x_wconf 83' lang='lat' dir='ltr'><strong>quarta</strong></span> <span class='ocrx_word' id='word_1_206' title='bbox 921 2178 986 2231; x_wconf 85' lang='lat' dir='ltr'><strong>para</strong></span> <span class='ocrx_word' id='word_1_207' title='bbox 997 2160 1072 2225; x_wconf 77' lang='lat' dir='ltr'><strong>araia,</strong></span> <span class='ocrx_word' id='word_1_208' title='bbox 1083 2171 1140 2214; x_wconf 76' lang='lat' dir='ltr'><strong>tren</strong></span> <span class='ocrx_word' id='word_1_209' title='bbox 1150 2161 1244 2224; x_wconf 76' lang='lat' dir='ltr'><strong>uncie,</strong></span> 
     </span>
     <span class='ocr_line' id='line_1_22' title="bbox 166 2241 1245 2311; baseline 0.002 -16"><span class='ocrx_word' id='word_1_210' title='bbox 166 2241 278 2297; x_wconf 87' lang='lat' dir='ltr'><strong>undeet</strong></span> <span class='ocrx_word' id='word_1_211' title='bbox 289 2247 419 2311; x_wconf 77' lang='lat' dir='ltr'><strong>teruncius,</strong></span> <span class='ocrx_word' id='word_1_212' title='bbox 429 2262 478 2297; x_wconf 88' lang='lat' dir='ltr'><strong>aen</strong></span> <span class='ocrx_word' id='word_1_213' title='bbox 486 2245 589 2296; x_wconf 66' lang='lat' dir='ltr'><strong>musteis</strong></span> <span class='ocrx_word' id='word_1_214' title='bbox 600 2241 709 2296; x_wconf 84' lang='lat' dir='ltr'><strong>dieitur.</strong></span> <span class='ocrx_word' id='word_1_215' title='bbox 719 2269 756 2281; x_wconf 88' lang='lat'><strong>-·</strong></span> <span class='ocrx_word' id='word_1_216' title='bbox 766 2245 877 2306; x_wconf 80' lang='lat' dir='ltr'><strong>Umbra,</strong></span> <span class='ocrx_word' id='word_1_217' title='bbox 890 2242 944 2294; x_wconf 81' lang='lat' dir='ltr'><strong>vita</strong></span> <span class='ocrx_word' id='word_1_218' title='bbox 955 2242 1116 2309; x_wconf 82' lang='lat' dir='ltr'><strong>umbratilia,</strong></span> <span class='ocrx_word' id='word_1_219' title='bbox 1130 2243 1245 2298; x_wconf 70' lang='lat' dir='ltr'><strong>obscura</strong></span> 
     </span>
     <span class='ocr_line' id='line_1_23' title="bbox 167 2321 1244 2397; baseline 0.001 -19"><span class='ocrx_word' id='word_1_220' title='bbox 167 2323 322 2397; x_wconf 73' lang='lat' dir='ltr'><strong>ignobilitas</strong></span> <span class='ocrx_word' id='word_1_221' title='bbox 331 2330 374 2396; x_wconf 86' lang='lat' dir='ltr'><strong>(ut</strong></span> <span class='ocrx_word' id='word_1_222' title='bbox 384 2327 420 2379; x_wconf 89' lang='lat' dir='ltr'><strong>al.</strong></span> <span class='ocrx_word' id='word_1_223' title='bbox 431 2344 485 2377; x_wconf 74' lang='lat' dir='ltr'><strong>nox</strong></span> <span class='ocrx_word' id='word_1_224' title='bbox 494 2337 523 2380; x_wconf 94' lang='lat' dir='ltr'><strong>et</strong></span> <span class='ocrx_word' id='word_1_225' title='bbox 534 2326 660 2393; x_wconf 70' lang='lat' dir='ltr'><strong>tenebra),</strong></span> <span class='ocrx_word' id='word_1_226' title='bbox 672 2325 771 2387; x_wconf 83' lang='lat' dir='ltr'><strong>Pieria,</strong></span> <span class='ocrx_word' id='word_1_227' title='bbox 783 2321 967 2389; x_wconf 89' lang='lat' dir='ltr'><strong>eruditorum,</strong></span> <span class='ocrx_word' id='word_1_228' title='bbox 977 2325 1021 2377; x_wconf 85' lang='lat' dir='ltr'><strong>vel</strong></span> <span class='ocrx_word' id='word_1_229' title='bbox 1031 2337 1101 2380; x_wconf 72' lang='lat' dir='ltr'><strong>artes</strong></span> <span class='ocrx_word' id='word_1_230' title='bbox 1113 2325 1244 2397; x_wconf 66' lang='lat' dir='ltr'><strong>ingenuo,</strong></span> 
     </span>
     <span class='ocr_line' id='line_1_24' title="bbox 167 2404 1244 2480; baseline 0 -18"><span class='ocrx_word' id='word_1_231' title='bbox 167 2427 227 2480; x_wconf 78' lang='lat' dir='ltr'><strong>qua</strong></span> <span class='ocrx_word' id='word_1_232' title='bbox 244 2409 273 2462; x_wconf 90' lang='lat' dir='ltr'><strong>in</strong></span> <span class='ocrx_word' id='word_1_233' title='bbox 283 2414 383 2471; x_wconf 76' lang='lat' dir='ltr'><strong>umbra,</strong></span> <span class='ocrx_word' id='word_1_234' title='bbox 396 2409 450 2463; x_wconf 87' lang='lat' dir='ltr'><strong>boo</strong></span> <span class='ocrx_word' id='word_1_235' title='bbox 463 2420 519 2474; x_wconf 85' lang='lat' dir='ltr'><strong>eet,</strong></span> <span class='ocrx_word' id='word_1_236' title='bbox 531 2407 606 2462; x_wconf 86' lang='lat' dir='ltr'><strong>domi</strong></span> <span class='ocrx_word' id='word_1_237' title='bbox 616 2420 643 2462; x_wconf 86' lang='lat' dir='ltr'><strong>et</strong></span> <span class='ocrx_word' id='word_1_238' title='bbox 654 2407 684 2459; x_wconf 92' lang='lat' dir='ltr'><strong>iu</strong></span> <span class='ocrx_word' id='word_1_239' title='bbox 697 2405 806 2472; x_wconf 80' lang='lat' dir='ltr'><strong>ecbola,</strong></span> <span class='ocrx_word' id='word_1_240' title='bbox 823 2404 880 2460; x_wconf 84' lang='lat' dir='ltr'><strong>aive</strong></span> <span class='ocrx_word' id='word_1_241' title='bbox 892 2405 922 2458; x_wconf 92' lang='lat' dir='ltr'><strong>iu</strong></span> <span class='ocrx_word' id='word_1_242' title='bbox 933 2406 991 2459; x_wconf 90' lang='lat' dir='ltr'><strong>otio</strong></span> <span class='ocrx_word' id='word_1_243' title='bbox 1002 2417 1029 2460; x_wconf 90' lang='lat' dir='ltr'><strong>et</strong></span> <span class='ocrx_word' id='word_1_244' title='bbox 1040 2408 1244 2479; x_wconf 85' lang='lat' dir='ltr'><strong>tranquillitate,</strong></span> 
     </span>
     <span class='ocr_line' id='line_1_25' title="bbox 166 2487 1242 2562; baseline 0 -16"><span class='ocrx_word' id='word_1_245' title='bbox 166 2504 333 2557; x_wconf 59' lang='lat' dir='ltr'><strong>tractantiam</strong></span> <span class='ocrx_word' id='word_1_246' title='bbox 346 2491 418 2547; x_wconf 88' lang='lat' dir='ltr'><strong>unde</strong></span> <span class='ocrx_word' id='word_1_247' title='bbox 431 2495 519 2544; x_wconf 77' lang='lat' dir='ltr'><strong>doceor</strong></span> <span class='ocrx_word' id='word_1_248' title='bbox 529 2493 677 2543; x_wconf 77' lang='lat' dir='ltr'><strong>ambmo‘ous</strong></span> <span class='ocrx_word' id='word_1_249' title='bbox 690 2487 763 2562; x_wconf 90' lang='lat' dir='ltr'><strong>apud</strong></span> <span class='ocrx_word' id='word_1_250' title='bbox 779 2490 888 2543; x_wconf 80' lang='lat' dir='ltr'><strong>Patron.</strong></span> <span class='ocrx_word' id='word_1_251' title='bbox 901 2507 960 2561; x_wconf 87' lang='lat' dir='ltr'><strong>oap.</strong></span> <span class='ocrx_word' id='word_1_252' title='bbox 976 2509 1010 2553; x_wconf 82' lang='lat' dir='ltr'><strong>a,</strong></span> <span class='ocrx_word' id='word_1_253' title='bbox 1024 2490 1072 2562; x_wconf 88' lang='lat' dir='ltr'><strong>qui</strong></span> <span class='ocrx_word' id='word_1_254' title='bbox 1088 2492 1203 2546; x_wconf 74' lang='lat' dir='ltr'><strong>obscure</strong></span> <span class='ocrx_word' id='word_1_255' title='bbox 1216 2493 1242 2547; x_wconf 87' lang='lat' dir='ltr'><strong>in</strong></span> 
     </span>
     <span class='ocr_line' id='line_1_26' title="bbox 168 2573 1244 2640; baseline 0.003 -12"><span class='ocrx_word' id='word_1_256' title='bbox 168 2576 260 2630; x_wconf 82' lang='lat' dir='ltr'><strong>ecbola</strong></span> <span class='ocrx_word' id='word_1_257' title='bbox 273 2576 356 2640; x_wconf 78' lang='lat' dir='ltr'><strong>vivit,</strong></span> <span class='ocrx_word' id='word_1_258' title='bbox 376 2586 404 2629; x_wconf 88' lang='lat' dir='ltr'><strong>et</strong></span> <span class='ocrx_word' id='word_1_259' title='bbox 422 2573 588 2628; x_wconf 82' lang='lat' dir='ltr'><strong>eruditorum</strong></span> <span class='ocrx_word' id='word_1_260' title='bbox 605 2576 708 2639; x_wconf 77' lang='lat' dir='ltr'><strong>oraim,</strong></span> <span class='ocrx_word' id='word_1_261' title='bbox 726 2575 882 2636; x_wconf 72' lang='lat' dir='ltr'><strong>animula,</strong></span> <span class='ocrx_word' id='word_1_262' title='bbox 902 2575 1036 2624; x_wconf 82' lang='lat' dir='ltr'><strong>umbmtiiir</strong></span> <span class='ocrx_word' id='word_1_263' title='bbox 1054 2577 1199 2627; x_wconf 66' lang='lat' dir='ltr'><strong>exercitam</strong></span> <span class='ocrx_word' id='word_1_264' title='bbox 1217 2591 1244 2630; x_wconf 88' lang='lat' dir='ltr'><strong>et</strong></span> 
     </span>
     <span class='ocr_line' id='line_1_27' title="bbox 166 2653 1242 2732; baseline 0.004 -24"><span class='ocrx_word' id='word_1_265' title='bbox 166 2660 252 2724; x_wconf 80' lang='lat' dir='ltr'><strong>otiam,</strong></span> <span class='ocrx_word' id='word_1_266' title='bbox 261 2677 321 2732; x_wconf 75' lang='lat' dir='ltr'><strong>qua</strong></span> <span class='ocrx_word' id='word_1_267' title='bbox 330 2660 385 2723; x_wconf 77' lang='lat' dir='ltr'><strong>soli,</strong></span> <span class='ocrx_word' id='word_1_268' title='bbox 393 2660 490 2726; x_wconf 76' lang='lat' dir='ltr'><strong>pulveri</strong></span> <span class='ocrx_word' id='word_1_269' title='bbox 499 2669 526 2711; x_wconf 91' lang='lat' dir='ltr'><strong>et</strong></span> <span class='ocrx_word' id='word_1_270' title='bbox 536 2659 611 2722; x_wconf 76' lang='lat' dir='ltr'><strong>aciei,</strong></span> <span class='ocrx_word' id='word_1_271' title='bbox 621 2656 674 2710; x_wconf 89' lang='lat' dir='ltr'><strong>boc</strong></span> <span class='ocrx_word' id='word_1_272' title='bbox 685 2668 742 2719; x_wconf 78' lang='lat' dir='ltr'><strong>eet,</strong></span> <span class='ocrx_word' id='word_1_273' title='bbox 752 2653 978 2710; x_wconf 70' lang='lat' dir='ltr'><strong>administrationi</strong></span> <span class='ocrx_word' id='word_1_274' title='bbox 986 2656 1102 2728; x_wconf 88' lang='lat' dir='ltr'><strong>reipubl.</strong></span> <span class='ocrx_word' id='word_1_275' title='bbox 1114 2657 1242 2729; x_wconf 85' lang='lat' dir='ltr'><strong>publicia-</strong></span> 
     </span>
     <span class='ocr_line' id='line_1_28' title="bbox 168 2739 1244 2814; baseline -0.001 -20"><span class='ocrx_word' id='word_1_276' title='bbox 168 2761 223 2814; x_wconf 88' lang='lat' dir='ltr'><strong>que</strong></span> <span class='ocrx_word' id='word_1_277' title='bbox 231 2741 344 2814; x_wconf 70' lang='lat' dir='ltr'><strong>negotiia</strong></span> <span class='ocrx_word' id='word_1_278' title='bbox 357 2760 373 2794; x_wconf 92' lang='lat' dir='ltr'><strong>a</strong></span> <span class='ocrx_word' id='word_1_279' title='bbox 384 2741 515 2796; x_wconf 84' lang='lat' dir='ltr'><strong>Cicerone</strong></span> <span class='ocrx_word' id='word_1_280' title='bbox 523 2751 698 2813; x_wconf 87' lang='lat' dir='ltr'><strong>opponuntur</strong></span> <span class='ocrx_word' id='word_1_281' title='bbox 708 2741 719 2808; x_wconf 88' lang='lat'>(</span> <span class='ocrx_word' id='word_1_282' title='bbox 726 2739 799 2793; x_wconf 86' lang='lat' dir='ltr'><strong>Mur.</strong></span> <span class='ocrx_word' id='word_1_283' title='bbox 812 2744 858 2805; x_wconf 69' lang='lat'><strong>¹⁴5</strong></span> <span class='ocrx_word' id='word_1_284' title='bbox 872 2739 936 2812; x_wconf 73' lang='lat' dir='ltr'><strong>Leg.</strong></span> <span class='ocrx_word' id='word_1_285' title='bbox 947 2739 1006 2804; x_wconf 88' lang='lat'>111,</span> <span class='ocrx_word' id='word_1_286' title='bbox 1016 2743 1045 2806; x_wconf 71' lang='lat'><strong>63</strong></span> <span class='ocrx_word' id='word_1_287' title='bbox 1058 2741 1104 2794; x_wconf 87' lang='lat' dir='ltr'><strong>Or.</strong></span> <span class='ocrx_word' id='word_1_288' title='bbox 1115 2742 1146 2810; x_wconf 91' lang='lat'><strong>1,</strong></span> <span class='ocrx_word' id='word_1_289' title='bbox 1157 2741 1205 2806; x_wconf 74' lang='grc'><strong>34,</strong></span> <span class='ocrx_word' id='word_1_290' title='bbox 1217 2757 1244 2797; x_wconf 78' lang='lat' dir='ltr'><strong>ar</strong></span> 
     </span>
     <span class='ocr_line' id='line_1_29' title="bbox 169 2822 1242 2896; baseline 0.001 -17"><span class='ocrx_word' id='word_1_291' title='bbox 169 2827 246 2880; x_wconf 82' lang='lat' dir='ltr'><strong>Bmt.</strong></span> <span class='ocrx_word' id='word_1_292' title='bbox 260 2828 313 2896; x_wconf 89' lang='lat'><strong>9),</strong></span> <span class='ocrx_word' id='word_1_293' title='bbox 331 2839 363 2881; x_wconf 90' lang='lat' dir='ltr'><strong>ut</strong></span> <span class='ocrx_word' id='word_1_294' title='bbox 375 2823 520 2880; x_wconf 83' lang='lat' dir='ltr'><strong>aauaaidici</strong></span> <span class='ocrx_word' id='word_1_295' title='bbox 540 2824 611 2878; x_wconf 84' lang='lat' dir='ltr'><strong>inira</strong></span> <span class='ocrx_word' id='word_1_296' title='bbox 627 2842 667 2877; x_wconf 80' lang='lat' dir='ltr'><strong>ve.</strong></span> <span class='ocrx_word' id='word_1_297' title='bbox 688 2823 736 2877; x_wconf 84' lang='lat'><strong>10⁵</strong></span> <span class='ocrx_word' id='word_1_298' title='bbox 752 2841 806 2894; x_wconf 83' lang='lat' dir='ltr'><strong>aeq.</strong></span> <span class='ocrx_word' id='word_1_299' title='bbox 824 2822 961 2876; x_wconf 83' lang='lat' dir='ltr'><strong>biatoricia</strong></span> <span class='ocrx_word' id='word_1_300' title='bbox 974 2827 1058 2876; x_wconf 79' lang='lat' dir='ltr'><strong>ambra</strong></span> <span class='ocrx_word' id='word_1_301' title='bbox 1068 2829 1242 2894; x_wconf 69' lang='lat' dir='ltr'><strong>gaudentibus.</strong></span> 
     </span>
     <span class='ocr_line' id='line_1_30' title="bbox 169 2893 1244 2978; baseline 0.001 -16"><span class='ocrx_word' id='word_1_302' title='bbox 169 2893 248 2962; x_wconf 74' lang='lat' dir='ltr'><strong>Conl-</strong></span> <span class='ocrx_word' id='word_1_303' title='bbox 262 2907 296 2963; x_wconf 86' lang='lat' dir='ltr'><strong>ad</strong></span> <span class='ocrx_word' id='word_1_304' title='bbox 311 2926 352 2964; x_wconf 79' lang='lat' dir='ltr'><strong>vt.</strong></span> <span class='ocrx_word' id='word_1_305' title='bbox 369 2909 429 2962; x_wconf 81' lang='lat'><strong>156.</strong></span> <span class='ocrx_word' id='word_1_306' title='bbox 448 2908 493 2962; x_wconf 83' lang='lat' dir='ltr'><strong>Sic</strong></span> <span class='ocrx_word' id='word_1_307' title='bbox 505 2920 532 2960; x_wconf 82' lang='lat' dir='ltr'><strong>et</strong></span> <span class='ocrx_word' id='word_1_308' title='bbox 542 2907 614 2960; x_wconf 80' lang='lat' dir='ltr'><strong>inim</strong></span> <span class='ocrx_word' id='word_1_309' title='bbox 623 2925 665 2961; x_wconf 80' lang='lat' dir='ltr'><strong>va.</strong></span> <span class='ocrx_word' id='word_1_310' title='bbox 682 2905 730 2978; x_wconf 81' lang='lat'><strong>173</strong></span> <span class='ocrx_word' id='word_1_311' title='bbox 744 2925 750 2959; x_wconf 90' lang='lat'><strong>:</strong></span> <span class='ocrx_word' id='word_1_312' title='bbox 765 2910 810 2958; x_wconf 83' lang='lat' dir='ltr'><strong>Ad</strong></span> <span class='ocrx_word' id='word_1_313' title='bbox 819 2925 934 2974; x_wconf 74' lang='lat' dir='ltr'><strong>pugnam</strong></span> <span class='ocrx_word' id='word_1_314' title='bbox 945 2908 1063 2960; x_wconf 75' lang='lat' dir='ltr'><strong>rhetorica</strong></span> <span class='ocrx_word' id='word_1_315' title='bbox 1077 2913 1201 2962; x_wconf 66' lang='lat' dir='ltr'><strong>descendit</strong></span> <span class='ocrx_word' id='word_1_316' title='bbox 1211 2917 1244 2963; x_wconf 82' lang='lat' dir='ltr'><strong>ab</strong></span> 
     </span>
     <span class='ocr_line' id='line_1_31' title="bbox 169 2987 1244 3059; baseline 0.007 -18"><span class='ocrx_word' id='word_1_317' title='bbox 169 2993 272 3055; x_wconf 72' lang='lat' dir='ltr'><strong>moira,</strong></span> <span class='ocrx_word' id='word_1_318' title='bbox 292 2989 345 3046; x_wconf 90' lang='lat' dir='ltr'><strong>boc</strong></span> <span class='ocrx_word' id='word_1_319' title='bbox 355 3002 411 3056; x_wconf 79' lang='lat' dir='ltr'><strong>eet,</strong></span> <span class='ocrx_word' id='word_1_320' title='bbox 426 2989 509 3044; x_wconf 82' lang='lat' dir='ltr'><strong>avita</strong></span> <span class='ocrx_word' id='word_1_321' title='bbox 521 2989 637 3042; x_wconf 74' lang='lat' dir='ltr'><strong>obscura</strong></span> <span class='ocrx_word' id='word_1_322' title='bbox 648 3001 676 3042; x_wconf 87' lang='lat' dir='ltr'><strong>et</strong></span> <span class='ocrx_word' id='word_1_323' title='bbox 689 2987 864 3051; x_wconf 72' lang='lat' dir='ltr'><strong>scholastica,</strong></span> <span class='ocrx_word' id='word_1_324' title='bbox 881 3005 940 3059; x_wconf 76' lang='lat' dir='ltr'><strong>qua</strong></span> <span class='ocrx_word' id='word_1_325' title='bbox 955 2988 1032 3041; x_wconf 81' lang='lat' dir='ltr'><strong>lama</strong></span> <span class='ocrx_word' id='word_1_326' title='bbox 1045 3001 1071 3042; x_wconf 88' lang='lat' dir='ltr'><strong>et</strong></span> <span class='ocrx_word' id='word_1_327' title='bbox 1083 2993 1244 3048; x_wconf 82' lang='lat' dir='ltr'><strong>celebritatis</strong></span> 
     </span>
     <span class='ocr_line' id='line_1_32' title="bbox 170 3069 1244 3144; baseline 0.004 -17"><span class='ocrx_word' id='word_1_328' title='bbox 170 3091 265 3144; x_wconf 73' lang='lat' dir='ltr'><strong>expers</strong></span> <span class='ocrx_word' id='word_1_329' title='bbox 274 3087 329 3133; x_wconf 81' lang='lat' dir='ltr'><strong>eet,</strong></span> <span class='ocrx_word' id='word_1_330' title='bbox 341 3071 376 3125; x_wconf 92' lang='lat' dir='ltr'><strong>ad</strong></span> <span class='ocrx_word' id='word_1_331' title='bbox 386 3073 489 3138; x_wconf 84' lang='lat' dir='ltr'><strong>forum,</strong></span> <span class='ocrx_word' id='word_1_332' title='bbox 498 3073 541 3126; x_wconf 82' lang='lat' dir='ltr'><strong>vel</strong></span> <span class='ocrx_word' id='word_1_333' title='bbox 551 3091 568 3125; x_wconf 90' lang='lat' dir='ltr'><strong>a</strong></span> <span class='ocrx_word' id='word_1_334' title='bbox 578 3070 825 3136; x_wconf 68' lang='lat' dir='ltr'><strong>declamationibus,</strong></span> <span class='ocrx_word' id='word_1_335' title='bbox 836 3069 925 3136; x_wconf 72' lang='lat' dir='ltr'><strong>idest,</strong></span> <span class='ocrx_word' id='word_1_336' title='bbox 936 3071 1112 3140; x_wconf 76' lang='lat' dir='ltr'><strong>orationibus,</strong></span> <span class='ocrx_word' id='word_1_337' title='bbox 1120 3074 1154 3128; x_wconf 88' lang='lat' dir='ltr'><strong>de</strong></span> <span class='ocrx_word' id='word_1_338' title='bbox 1163 3078 1244 3131; x_wconf 76' lang='lat' dir='ltr'><strong>rebus</strong></span> 
     </span>
    </p>
   </div>
   <div class='ocr_carea' id='block_1_5' title="bbox 168 3155 1343 3229">
    <p class='ocr_par' dir='ltr' id='par_1_6' title="bbox 168 3155 1343 3229">
     <span class='ocr_line' id='line_1_33' title="bbox 168 3155 1343 3229; baseline 0.002 -17"><span class='ocrx_word' id='word_1_339' title='bbox 168 3158 241 3212; x_wconf 75' lang='lat' dir='ltr'><strong>fictis</strong></span> <span class='ocrx_word' id='word_1_340' title='bbox 250 3158 280 3212; x_wconf 88' lang='lat' dir='ltr'><strong>iu</strong></span> <span class='ocrx_word' id='word_1_341' title='bbox 288 3159 379 3213; x_wconf 79' lang='lat' dir='ltr'><strong>ecbola</strong></span> <span class='ocrx_word' id='word_1_342' title='bbox 388 3158 590 3212; x_wconf 69' lang='lat' dir='ltr'><strong>exercitationis</strong></span> <span class='ocrx_word' id='word_1_343' title='bbox 602 3175 696 3210; x_wconf 78' lang='lat' dir='ltr'><strong>cauata</strong></span> <span class='ocrx_word' id='word_1_344' title='bbox 708 3155 812 3220; x_wconf 81' lang='lat' dir='ltr'><strong>habitio,</strong></span> <span class='ocrx_word' id='word_1_345' title='bbox 824 3155 859 3209; x_wconf 86' lang='lat' dir='ltr'><strong>ad</strong></span> <span class='ocrx_word' id='word_1_346' title='bbox 868 3174 976 3210; x_wconf 81' lang='lat' dir='ltr'><strong>caueaaa</strong></span> <span class='ocrx_word' id='word_1_347' title='bbox 988 3158 1097 3229; x_wconf 82' lang='lat' dir='ltr'><strong>publice</strong></span> <span class='ocrx_word' id='word_1_348' title='bbox 1106 3173 1132 3214; x_wconf 88' lang='lat' dir='ltr'><strong>et</strong></span> <span class='ocrx_word' id='word_1_349' title='bbox 1144 3161 1172 3214; x_wconf 92' lang='lat' dir='ltr'><strong>iu</strong></span> <span class='ocrx_word' id='word_1_350' title='bbox 1183 3162 1244 3216; x_wconf 79' lang='lat' dir='ltr'><strong>loro</strong></span> <span class='ocrx_word' id='word_1_351' title='bbox 1338 3199 1343 3208; x_wconf 69' lang='grc'>.</span> 
     </span>
    </p>
   </div>
   <div class='ocr_carea' id='block_1_6' title="bbox 169 3237 1307 3484">
    <p class='ocr_par' dir='ltr' id='par_1_7' title="bbox 169 3237 1307 3484">
     <span class='ocr_line' id='line_1_34' title="bbox 170 3237 1245 3315; baseline -0.001 -21"><span class='ocrx_word' id='word_1_352' title='bbox 170 3240 299 3312; x_wconf 67' lang='lat' dir='ltr'><strong>agendas,</strong></span> <span class='ocrx_word' id='word_1_353' title='bbox 319 3242 362 3295; x_wconf 80' lang='lat' dir='ltr'><strong>vel</strong></span> <span class='ocrx_word' id='word_1_354' title='bbox 378 3241 413 3294; x_wconf 91' lang='lat' dir='ltr'><strong>ad</strong></span> <span class='ocrx_word' id='word_1_355' title='bbox 427 3241 562 3294; x_wconf 72' lang='lat' dir='ltr'><strong>orationes</strong></span> <span class='ocrx_word' id='word_1_356' title='bbox 579 3240 609 3293; x_wconf 91' lang='lat' dir='ltr'><strong>in</strong></span> <span class='ocrx_word' id='word_1_357' title='bbox 624 3237 798 3294; x_wconf 73' lang='lat' dir='ltr'><strong>concionibus</strong></span> <span class='ocrx_word' id='word_1_358' title='bbox 814 3237 970 3305; x_wconf 84' lang='lat' dir='ltr'><strong>bubeudaa;</strong></span> <span class='ocrx_word' id='word_1_359' title='bbox 989 3243 1147 3315; x_wconf 80' lang='lat' dir='ltr'><strong>metaphora</strong></span> <span class='ocrx_word' id='word_1_360' title='bbox 1164 3245 1245 3297; x_wconf 65' lang='lat' dir='ltr'><strong>simul</strong></span> 
     </span>
     <span class='ocr_line' id='line_1_35' title="bbox 169 3321 1244 3398; baseline 0.002 -20"><span class='ocrx_word' id='word_1_361' title='bbox 169 3339 278 3398; x_wconf 77' lang='lat' dir='ltr'><strong>sumpta</strong></span> <span class='ocrx_word' id='word_1_362' title='bbox 289 3325 322 3378; x_wconf 87' lang='lat' dir='ltr'><strong>ab</strong></span> <span class='ocrx_word' id='word_1_363' title='bbox 333 3323 466 3379; x_wconf 80' lang='lat' dir='ltr'><strong>exercitiia</strong></span> <span class='ocrx_word' id='word_1_364' title='bbox 478 3324 645 3387; x_wconf 75' lang='lat' dir='ltr'><strong>militaribus,</strong></span> <span class='ocrx_word' id='word_1_365' title='bbox 659 3341 718 3395; x_wconf 77' lang='lat' dir='ltr'><strong>qore</strong></span> <span class='ocrx_word' id='word_1_366' title='bbox 731 3322 802 3377; x_wconf 80' lang='lat' dir='ltr'><strong>veria</strong></span> <span class='ocrx_word' id='word_1_367' title='bbox 813 3321 946 3395; x_wconf 70' lang='lat' dir='ltr'><strong>justisque</strong></span> <span class='ocrx_word' id='word_1_368' title='bbox 952 3327 1047 3394; x_wconf 72' lang='lat' dir='ltr'><strong>pugnis</strong></span> <span class='ocrx_word' id='word_1_369' title='bbox 1057 3339 1244 3398; x_wconf 86' lang='lat' dir='ltr'><strong>opponuntur.</strong></span> 
     </span>
     <span class='ocr_line' id='line_1_36' title="bbox 169 3405 1307 3484; baseline 0.001 -21"><span class='ocrx_word' id='word_1_370' title='bbox 169 3408 222 3463; x_wconf 84' lang='lat' dir='ltr'><strong>Sed</strong></span> <span class='ocrx_word' id='word_1_371' title='bbox 230 3421 342 3484; x_wconf 90' lang='lat' dir='ltr'><strong>propter</strong></span> <span class='ocrx_word' id='word_1_372' title='bbox 350 3409 435 3482; x_wconf 83' lang='lat' dir='ltr'><strong>epitb.</strong></span> <span class='ocrx_word' id='word_1_373' title='bbox 445 3407 528 3461; x_wconf 82' lang='lat' dir='ltr'><strong>Pieria</strong></span> <span class='ocrx_word' id='word_1_374' title='bbox 537 3405 700 3464; x_wconf 81' lang='lat' dir='ltr'><strong>crediderim</strong></span> <span class='ocrx_word' id='word_1_375' title='bbox 708 3406 807 3479; x_wconf 75' lang='lat' dir='ltr'><strong>potior,</strong></span> <span class='ocrx_word' id='word_1_376' title='bbox 815 3417 922 3480; x_wconf 88' lang='lat' dir='ltr'><strong>poetam</strong></span> <span class='ocrx_word' id='word_1_377' title='bbox 931 3405 959 3459; x_wconf 92' lang='lat' dir='ltr'><strong>b.</strong></span> <span class='ocrx_word' id='word_1_378' title='bbox 969 3406 986 3459; x_wconf 93' lang='lat' dir='ltr'><strong>l.</strong></span> <span class='ocrx_word' id='word_1_379' title='bbox 995 3410 1145 3481; x_wconf 71' lang='lat' dir='ltr'><strong>respexisse</strong></span> <span class='ocrx_word' id='word_1_380' title='bbox 1156 3423 1243 3477; x_wconf 86' lang='lat' dir='ltr'><strong>antra,</strong></span> <span class='ocrx_word' id='word_1_381' title='bbox 1302 3435 1307 3444; x_wconf 94' lang='lat'>·</span> 
     </span>
    </p>
   </div>
   <div class='ocr_carea' id='block_1_7' title="bbox 169 3711 1246 4190">
    <p class='ocr_par' dir='ltr' id='par_1_8' title="bbox 169 3711 1243 3936">
     <span class='ocr_line' id='line_1_37' title="bbox 207 3711 1243 3784; baseline -0.004 -15"><span class='ocrx_word' id='word_1_382' title='bbox 207 3725 217 3752; x_wconf 92' lang='lat'>¹</span> <span class='ocrx_word' id='word_1_383' title='bbox 235 3717 681 3784; x_wconf 74' lang='lat' dir='ltr'><strong>Ctlss,157;caaaob.ad&#39;l&#39;beoph.</strong></span> <span class='ocrx_word' id='word_1_384' title='bbox 724 3715 789 3765; x_wconf 75' lang='lat' dir='ltr'><strong>Frlit.</strong></span> <span class='ocrx_word' id='word_1_385' title='bbox 803 3714 863 3762; x_wconf 83' lang='lat' dir='ltr'><strong>Era.</strong></span> <span class='ocrx_word' id='word_1_386' title='bbox 874 3721 937 3762; x_wconf 89' lang='lat' dir='ltr'><strong>tom.</strong></span> <span class='ocrx_word' id='word_1_387' title='bbox 952 3714 976 3771; x_wconf 87' lang='lat' dir='ltr'><strong>l,</strong></span> <span class='ocrx_word' id='word_1_388' title='bbox 989 3727 1044 3778; x_wconf 71' lang='lat' dir='ltr'><strong>paq.</strong></span> <span class='ocrx_word' id='word_1_389' title='bbox 1059 3711 1243 3773; x_wconf 59' lang='lat' dir='ltr'><strong>Sdoffanam.</strong></span> 
     </span>
     <span class='ocr_line' id='line_1_38' title="bbox 169 3791 1242 3864; baseline -0.003 -18"><span class='ocrx_word' id='word_1_390' title='bbox 169 3796 306 3858; x_wconf 70' lang='lat' dir='ltr'><strong>(inavl,</strong></span> <span class='ocrx_word' id='word_1_391' title='bbox 317 3813 373 3864; x_wconf 69' lang='lat' dir='ltr'><strong>paq.</strong></span> <span class='ocrx_word' id='word_1_392' title='bbox 389 3798 453 3857; x_wconf 75' lang='lat'><strong>1853</strong></span> <span class='ocrx_word' id='word_1_393' title='bbox 463 3795 570 3845; x_wconf 81' lang='lat' dir='ltr'><strong>Martial.</strong></span> <span class='ocrx_word' id='word_1_394' title='bbox 582 3798 620 3855; x_wconf 82' lang='lat' dir='ltr'><strong>V,</strong></span> <span class='ocrx_word' id='word_1_395' title='bbox 635 3797 681 3860; x_wconf 78' lang='lat'><strong>⁵7³</strong></span> <span class='ocrx_word' id='word_1_396' title='bbox 725 3797 802 3844; x_wconf 74' lang='lat' dir='ltr'><strong>lloeot</strong></span> <span class='ocrx_word' id='word_1_397' title='bbox 813 3809 836 3844; x_wconf 88' lang='lat' dir='ltr'><strong>c.</strong></span> <span class='ocrx_word' id='word_1_398' title='bbox 850 3808 898 3857; x_wconf 76' lang='lat'><strong>29,</strong></span> <span class='ocrx_word' id='word_1_399' title='bbox 909 3791 1034 3858; x_wconf 85' lang='lat' dir='ltr'><strong>etintppr.</strong></span> <span class='ocrx_word' id='word_1_400' title='bbox 1047 3793 1122 3858; x_wconf 80' lang='lat' dir='ltr'><strong>l‘rop.</strong></span> <span class='ocrx_word' id='word_1_401' title='bbox 1139 3797 1181 3854; x_wconf 86' lang='lat'><strong>11,</strong></span> <span class='ocrx_word' id='word_1_402' title='bbox 1197 3810 1242 3855; x_wconf 81' lang='lat' dir='ltr'><strong>ro,</strong></span> 
     </span>
     <span class='ocr_line' id='line_1_39' title="bbox 169 3872 959 3936; baseline -0.001 -13"><span class='ocrx_word' id='word_1_403' title='bbox 169 3877 222 3936; x_wconf 81' lang='lat' dir='ltr'><strong>Vl,</strong></span> <span class='ocrx_word' id='word_1_404' title='bbox 233 3878 263 3936; x_wconf 98' lang='grc'><strong>8,</strong></span> <span class='ocrx_word' id='word_1_405' title='bbox 273 3877 297 3926; x_wconf 81' lang='lat'><strong>⁵.</strong></span> <span class='ocrx_word' id='word_1_406' title='bbox 728 3875 771 3936; x_wconf 72' lang='lat'><strong>25,</strong></span> <span class='ocrx_word' id='word_1_407' title='bbox 784 3875 826 3934; x_wconf 76' lang='lat'><strong>26,</strong></span> <span class='ocrx_word' id='word_1_408' title='bbox 837 3872 868 3921; x_wconf 87' lang='lat' dir='ltr'><strong>al.</strong></span> <span class='ocrx_word' id='word_1_409' title='bbox 879 3873 904 3934; x_wconf 90' lang='grc'><strong>8,</strong></span> <span class='ocrx_word' id='word_1_410' title='bbox 919 3875 959 3922; x_wconf 83' lang='lat'><strong>30.</strong></span> 
     </span>
    </p>

    <p class='ocr_par' dir='ltr' id='par_1_9' title="bbox 170 3948 1246 4190">
     <span class='ocr_line' id='line_1_40' title="bbox 207 3948 1245 4015; baseline -0.003 -11"><span class='ocrx_word' id='word_1_411' title='bbox 207 3959 219 3986; x_wconf 87' lang='lat'><strong>¹</strong></span> <span class='ocrx_word' id='word_1_412' title='bbox 236 3954 317 4004; x_wconf 81' lang='lat' dir='ltr'><strong>Sobol.</strong></span> <span class='ocrx_word' id='word_1_413' title='bbox 326 3964 410 4004; x_wconf 80' lang='lat' dir='ltr'><strong>vetui:</strong></span> <span class='ocrx_word' id='word_1_414' title='bbox 419 3953 600 4004; x_wconf 77' lang='lat' dir='ltr'><strong>«Callimachna</strong></span> <span class='ocrx_word' id='word_1_415' title='bbox 612 3953 683 4014; x_wconf 80' lang='lat' dir='ltr'><strong>dicit,</strong></span> <span class='ocrx_word' id='word_1_416' title='bbox 764 3948 776 3988; x_wconf 86' lang='lat'>³</span> <span class='ocrx_word' id='word_1_417' title='bbox 794 3952 892 4001; x_wconf 83' lang='lat' dir='ltr'><strong>Confer.</strong></span> <span class='ocrx_word' id='word_1_418' title='bbox 908 3967 945 4000; x_wconf 81' lang='lat' dir='ltr'><strong>ra.</strong></span> <span class='ocrx_word' id='word_1_419' title='bbox 959 3965 1003 4014; x_wconf 84' lang='lat'><strong>91,</strong></span> <span class='ocrx_word' id='word_1_420' title='bbox 1016 3961 1042 3998; x_wconf 89' lang='lat' dir='ltr'><strong>et</strong></span> <span class='ocrx_word' id='word_1_421' title='bbox 1055 3949 1087 3998; x_wconf 86' lang='lat' dir='ltr'><strong>ad</strong></span> <span class='ocrx_word' id='word_1_422' title='bbox 1100 3952 1127 4010; x_wconf 88' lang='grc' dir='ltr'><strong>Ι,</strong></span> <span class='ocrx_word' id='word_1_423' title='bbox 1140 3951 1183 4014; x_wconf 81' lang='lat'><strong>95,</strong></span> <span class='ocrx_word' id='word_1_424' title='bbox 1196 3955 1245 4015; x_wconf 74' lang='lat'><strong>963</strong></span> 
     </span>
     <span class='ocr_line' id='line_1_41' title="bbox 170 4029 1246 4096; baseline 0.001 -17"><span class='ocrx_word' id='word_1_425' title='bbox 170 4032 264 4080; x_wconf 83' lang='lat' dir='ltr'><strong>iontem</strong></span> <span class='ocrx_word' id='word_1_426' title='bbox 274 4049 327 4083; x_wconf 77' lang='lat' dir='ltr'><strong>eoae</strong></span> <span class='ocrx_word' id='word_1_427' title='bbox 336 4033 601 4083; x_wconf 64' lang='lat' dir='ltr'><strong>reme-ettoniae.-</strong></span> <span class='ocrx_word' id='word_1_428' title='bbox 612 4036 649 4080; x_wconf 89' lang='lat' dir='ltr'><strong>lta</strong></span> <span class='ocrx_word' id='word_1_429' title='bbox 660 4043 685 4082; x_wconf 92' lang='lat' dir='ltr'><strong>et</strong></span> <span class='ocrx_word' id='word_1_430' title='bbox 729 4035 814 4081; x_wconf 80' lang='lat' dir='ltr'><strong>Horat.</strong></span> <span class='ocrx_word' id='word_1_431' title='bbox 827 4031 906 4096; x_wconf 82' lang='lat' dir='ltr'><strong>lipiat.</strong></span> <span class='ocrx_word' id='word_1_432' title='bbox 920 4033 948 4088; x_wconf 86' lang='lat'><strong>1,</strong></span> <span class='ocrx_word' id='word_1_433' title='bbox 961 4030 985 4088; x_wconf 78' lang='grc'><strong>5,</strong></span> <span class='ocrx_word' id='word_1_434' title='bbox 1002 4031 1044 4088; x_wconf 75' lang='lat'><strong>313</strong></span> <span class='ocrx_word' id='word_1_435' title='bbox 1059 4029 1124 4094; x_wconf 91' lang='lat' dir='ltr'><strong>inpr.</strong></span> <span class='ocrx_word' id='word_1_436' title='bbox 1138 4031 1246 4080; x_wconf 84' lang='lat' dir='ltr'><strong>Martial.</strong></span> 
     </span>
     <span class='ocr_line' id='line_1_42' title="bbox 170 4110 1225 4190; baseline 0.001 -32"><span class='ocrx_word' id='word_1_437' title='bbox 170 4111 239 4162; x_wconf 63' lang='lat' dir='ltr'><strong>serr.</strong></span> <span class='ocrx_word' id='word_1_438' title='bbox 249 4111 359 4179; x_wconf 73' lang='lat' dir='ltr'><strong>advirq.</strong></span> <span class='ocrx_word' id='word_1_439' title='bbox 369 4111 451 4176; x_wconf 72' lang='lat' dir='ltr'><strong>bolog.</strong></span> <span class='ocrx_word' id='word_1_440' title='bbox 463 4113 497 4162; x_wconf 70' lang='grc' dir='ltr'><strong>Χ.</strong></span> <span class='ocrx_word' id='word_1_441' title='bbox 509 4112 581 4163; x_wconf 82' lang='lat' dir='ltr'><strong>Coni.</strong></span> <span class='ocrx_word' id='word_1_442' title='bbox 590 4111 687 4162; x_wconf 82' lang='lat' dir='ltr'><strong>Gallim.</strong></span> <span class='ocrx_word' id='word_1_443' title='bbox 732 4116 756 4174; x_wconf 87' lang='grc' dir='ltr'><strong>Ι,</strong></span> <span class='ocrx_word' id='word_1_444' title='bbox 768 4127 810 4174; x_wconf 71' lang='grc' dir='ltr'><strong>μ,</strong></span> <span class='ocrx_word' id='word_1_445' title='bbox 822 4126 852 4161; x_wconf 82' lang='lat' dir='ltr'><strong>ra</strong></span> <span class='ocrx_word' id='word_1_446' title='bbox 862 4125 913 4176; x_wconf 82' lang='lat' dir='ltr'><strong>aeq.</strong></span> <span class='ocrx_word' id='word_1_447' title='bbox 928 4120 953 4159; x_wconf 85' lang='lat' dir='ltr'><strong>et</strong></span> <span class='ocrx_word' id='word_1_448' title='bbox 963 4111 1015 4174; x_wconf 83' lang='lat' dir='ltr'><strong>Ill,</strong></span> <span class='ocrx_word' id='word_1_449' title='bbox 1029 4110 1071 4172; x_wconf 73' lang='grc'><strong>38,</strong></span> <span class='ocrx_word' id='word_1_450' title='bbox 1084 4124 1125 4171; x_wconf 86' lang='lat' dir='ltr'><strong>rr,</strong></span> <span class='ocrx_word' id='word_1_451' title='bbox 1138 4125 1178 4159; x_wconf 83' lang='lat' dir='ltr'><strong>ra.</strong></span> <span class='ocrx_word' id='word_1_452' title='bbox 1222 4179 1225 4190; x_wconf 36' lang='grc' dir='ltr'>Ι</span> 
     </span>
    </p>
   </div>
   <div class='ocr_carea' id='block_1_8' title="bbox 0 0 1576 4990">
    <p class='ocr_par' dir='ltr' id='par_1_10' title="bbox 0 0 1576 4990">
     <span class='ocr_line' id='line_1_43' title="bbox 0 0 1576 4990; baseline 0 0"><span class='ocrx_word' id='word_1_453' title='bbox 0 0 1576 4990; x_wconf 95' lang='lat' dir='ltr'><strong> </strong></span> 
     </span>
    </p>
   </div>
  </div>
 </body>
</html>
