3130 4986
407 429 462 494 IN
491 429 721 495 SATIRAM
751 431 991 498 TERTIAM.
1169 435 1230 519 169

166 534 258 605 quihus
273 539 405 592 sacrificia
422 539 622 613 sacerdotesque
633 543 761 607 aluerint;
776 543 847 596 unde
856 527 913 608 VI,
930 545 997 610 544,
1012 563 1104 612 magna
1121 547 1233 594 sacerdos

167 616 266 667 suoru.
276 645 314 656 ·-
325 620 463 685 cophinus,
474 613 591 688 uiperae,
606 621 747 673 canistrum
758 661 765 685 ,
776 623 876 687 corbis,
885 641 1016 695 omneque
1025 643 1069 677 vas
1079 624 1232 676 vimineum.

167 696 265 764 iudai,
286 700 381 753 itinera
400 703 524 756 facientes
539 723 587 774 per
603 704 738 774 gentilium
755 716 800 756 aut
812 703 1033 758 Samaritanorum
1052 718 1148 768 terras,
1164 703 1236 778 quod

166 783 216 850 jans
225 781 269 833 alii
280 795 425 848 notarunt,
441 786 563 858 cophinis
578 803 667 840 secum
678 787 794 840 terebant
808 801 834 840 ct
845 789 999 860 quisquilias
1009 809 1083 855 suas,
1098 803 1123 843 et
1131 789 1216 842 edulia
1227 829 1235 855 ,

168 879 199 914 ne
216 864 355 933 gentilium
373 866 439 928 cibis
457 868 665 939 polluerentur1.
682 897 718 908 -
731 874 845 932 Fanum,
863 888 917 941 quo
931 875 1048 944 jumenta
1067 891 1113 925 sua
1134 871 1237 924 alebant

169 942 269 1010 iudei,
283 947 327 998 rel
337 948 426 1018 potius
437 947 534 1002 durum
548 950 651 1014 cubile,
666 969 721 1022 quo
738 951 765 1002 in
781 952 862 1023 sylvis
877 966 1058 1023 pernoctantes
1075 955 1233 1007 utebantur:

169 1025 236 1078 rude
245 1028 304 1093 vt,
320 1031 371 1092 542
381 1071 389 1096 ‚
397 1034 470 1100 soens
487 1035 571 1085 relicto
589 1034 699 1085 Romam
712 1033 803 1086 venire
818 1032 944 1087 dicuntur
959 1035 1127 1090 mendicandi
1143 1035 1246 1088 ratici·.

170 1109 301 1182 nandique
311 1131 411 1168 caussa.
421 1115 484 1168 Hes
493 1116 581 1168 omnia
590 1115 624 1168 de
634 1115 789 1169 Christianis
803 1116 970 1187 intelligenda
982 1120 1120 1191 proposuit
1129 1121 1237 1170 Asisiu-

170 1205 221 1244 us:
238 1195 333 1265 primis
349 1199 419 1250 euim
437 1199 599 1270 temporibus
612 1198 683 1272 apud
694 1211 831 1265 auctores,
844 1199 986 1254 Christiani
1000 1221 1050 1274 pro
1063 1201 1162 1256 Judaeis
1174 1221 1237 1274 prn-
1343 1261 1347 1270 ,

172 1275 269 1330 miscus
281 1277 421 1332 hahentur.
441 1279 492 1332 En.

203 1376 269 1422 Vns.
291 1379 331 1426 15.
346 1377 441 1426 Solum
447 1378 518 1444 jussa
531 1389 579 1441 est,
593 1394 636 1442 ar,
649 1397 697 1441 aa,
710 1389 758 1441 as,
770 1397 802 1428 cx
813 1381 917 1444 interpr.

204 1517 271 1563 Vn.
292 1519 332 1566 ιδ.
348 1519 468 1568 Οαωωιιίι
481 1521 591 1568 scribunt
601 1521 657 1581 alii,
675 1523 759 1570 nescio
772 1537 862 1584 quare,
880 1537 956 1586 qnurn
975 1522 1045 1586 origo
1057 1521 1125 1569 vocis
1137 1537 1239 1585 prorsus

172 1615 215 1647 nos
227 1600 313 1657 lateat,
326 1612 352 1649 et
362 1614 446 1650 nostra
456 1605 573 1669 scriptura
583 1605 670 1666 majori
679 1605 772 1654 nitatur
782 1605 922 1653 auctoritate
931 1615 987 1652 vett.
1001 1606 1135 1664 librorum,
1148 1605 1238 1670 quihus

173 1691 250 1728 tamen
263 1697 352 1744 parurn
363 1684 391 1731 in
403 1683 443 1732 his
457 1683 584 1734 fidendum
598 1696 647 1746 est,
659 1687 715 1750 quia
729 1686 899 1752 diphthongos
912 1701 964 1734 nou
976 1687 1125 1750 exprimunt.

204 1773 273 1826 Nos.
297 1777 339 1828 ιδ.
366 1779 450 1828 omncs
466 1782 552 1840 ardor,
575 1778 646 1831 idem
662 1777 735 1850 quod
752 1783 839 1844 sylva,
864 1779 916 1832 boc
929 1791 981 1836 cst.
998 1797 1089 1832 omnes
1106 1778 1191 1833 Judoei
1209 1779 1238 1830 in

172 1856 242 1929 sylva
262 1857 305 1910 vel
324 1859 385 1912 luco
403 1861 577 1914 Camenarum
596 1861 751 1914 habitantes.
771 1862 862 1914 Malim
879 1875 965 1916 tamen
976 1881 1081 1916 versum
1097 1862 1128 1914 15
1141 1863 1239 1915 referre

172 1939 327 1994 adverbum
343 1948 460 2007 iocantur,
479 1957 504 1998 et
514 1965 619 2000 versum
633 1948 664 1997 16
677 1944 711 1998 ad
724 1946 784 2008 illa,
802 1965 902 2014 quonuu
917 1949 1033 2013 cophinus
1039 1947 1183 2013 foenumque
1197 1965 1238 1996 su·

167 2029 260 2094 pellea.
269 2027 341 2080 Tum
351 2047 442 2082 sensus
451 2041 505 2082 est:
515 2030 632 2102 Populus
645 2047 768 2082 romanus
781 2029 823 2082 vel
835 2029 1004 2100 imperatores
1016 2041 1070 2082 tam
1080 2029 1152 2080 avari
1162 2040 1237 2091 sunt,

172 2113 309 2183 utquoevis
321 2114 396 2173 loca,
416 2115 494 2166 etiam
507 2133 596 2180 sacra,
610 2116 713 2177 locent,
732 2115 775 2168 rel
794 2133 825 2166 ex
843 2116 910 2164 omni
928 2116 1027 2173 arbom,
1049 2130 1080 2163 cx
1097 2112 1235 2176 omnibus,

173 2193 247 2246 etiam
261 2195 401 2249 levissimis
414 2197 509 2262 rebus,
526 2197 630 2250 lucrum
644 2197 764 2270 capiant,
782 2208 808 2249 ct
826 2197 922 2252 tributa
935 2195 1038 2266 exigant
1050 2214 1068 2245 a
1081 2198 1166 2260 sylus,
1184 2193 1236 2246 hoc

172 2287 222 2336 est,
234 2277 377 2344 sindana,
391 2280 419 2332 in
430 2279 502 2350 sylva
515 2298 562 2333 seu
575 2280 635 2332 luco
645 2281 819 2333 Carnenarum
830 2279 1025 2342 habitantibus3
1038 2277 1123 2330 iudai
1134 2291 1235 2342 autem,

171 2357 267 2428 quihus
279 2359 356 2413 lucus
369 2374 408 2413 est
419 2361 537 2427 locatus,
551 2373 602 2412 tam
613 2380 741 2434 pauperes
753 2372 827 2420 suut,
842 2372 872 2411 ut
884 2358 1032 2412 mendicare
1042 2370 1176 2429 cogantur.

171 2502 271 2632 hg:
292 2521 333 2563 ¹7·
346 2505 428 2568 Atque
439 2506 575 2623 speluncas,
589 2522 636 2566 aa,
649 2517 676 2554 ut
688 2515 842 2554 succurratur
854 2505 915 2552 forte
926 2513 1003 2554 metro
1011 2501 1098 2592 ,⁴quod
1112 2502 1145 2550 ita
1154 2503 1237 2567 potius

207 2675 276 2730 Nor.
298 2695 340 2748 17.
355 2683 528 2732 Descendimus
540 2665 691 2734 Umbricius
706 2695 731 2734 et
745 2701 802 2754 ego.
813 2712 848 2721 —
857 2683 1004 2748 Speluncas,
1019 2679 1236 2747 ratramnum),

172 2763 300 2814 disn'nss'les
309 2767 388 2824 vens,
402 2765 563 2818 naturalibus
576 2784 606 2818 sc
619 2765 798 2838 simplicibus,
813 2776 843 2817 ut
853 2783 915 2817 mox
925 2766 1053 2832 ingenuum
1061 2765 1166 2834 tophum.

208 2907 275 2954 Vas.
296 2908 337 2955 ss.
349 2910 445 2972 Quanto
450 2909 588 2973 proeseruius
597 2911 757 2959 essetNumsu
762 2919 998 2974 aquoerecte‚puto,
1009 2905 1105 2955 emend.
1112 2907 1144 2956 tt.
1151 2906 1237 2954 Heins.

174 2987 205 3036 ad
217 2990 289 3037 osis.
299 2993 401 3039 Metam.
413 2993 489 3053 xm,
503 2995 561 3054 757,
573 2995 655 3054 etjam
668 3003 723 3042 ante
736 3009 792 3040 enm
806 2994 896 3056 Grang.
907 2991 938 3039 ad
952 2990 1019 3039 hunc
1027 2989 1074 3038 loc.
1087 2989 1131 3037 nbi
1143 3000 1238 3044 mouet,

175 3073 340 3138 antiquitatem
350 3075 396 3122 suh
408 3075 488 3124 Numa
496 3078 555 3125 deos
565 3076 698 3124 credidisse
706 3075 884 3140 pmsemiores,
895 3075 943 3122 hoc
953 3085 1000 3135 est,
1013 3075 1089 3138 magis
1101 3073 1238 3138 propitios,

176 3171 249 3219 qnam
262 3155 327 3204 nihil
340 3168 426 3204 natura
439 3175 509 3222 passa
522 3159 606 3207 fuisset
622 3159 653 3207 ab
671 3169 729 3206 arte.
739 3159 866 3222 Vulgatam
878 3156 975 3205 lection.
985 3157 1072 3204 eodem
1086 3173 1161 3204 sensu
1174 3156 1239 3220 cepit

176 3237 282 3287 britann
294 3241 366 3300 cujus
374 3252 433 3288 nota
442 3252 478 3289 cst
489 3241 541 3289 haec
551 3259 557 3289 z
572 3264 583 3284 s
592 3245 688 3306 Quanto
694 3241 849 3304 proestuntius
858 3251 932 3302 esset,
944 3241 1026 3298 idest,
1034 3240 1206 3298 excellentius,
1215 3249 1239 3286 et

173 3322 278 3384 proinde
290 3323 448 3386 presentiae,
462 3323 521 3371 siin
533 3335 618 3372 ustura
632 3340 676 3372 sna
689 3325 827 3382 mansisset,
841 3334 865 3372 et
878 3340 931 3372 non
943 3338 1065 3370 marmore
1078 3324 1238 3372 incrustatum

175 3414 250 3461 esset3
263 3415 291 3452 ut
303 3405 430 3466 ostendat,
444 3407 509 3454 Deos
519 3407 592 3455 rebus
601 3407 716 3456 humanis
730 3423 782 3456 non
795 3408 863 3472 capi,
877 3407 920 3454 sed
930 3407 995 3455 hona
1007 3407 1148 3471 sinceraque
1157 3405 1239 3454 homi·

176 3505 232 3536 unm
244 3489 369 3537 voluntate
379 3490 498 3553 gaudem
512 3491 578 3538 unde
589 3492 622 3539 ait
631 3493 722 3539 Seneca
735 3492 766 3539 ad
777 3491 851 3538 Lucil.
865 3490 949 3556 Cogita
956 3525 964 3548 ,
976 3493 1048 3547 Deos,
1062 3505 1133 3554 quum
1143 3487 1242 3554 propitii

150 3595 154 3602 ·
177 3571 453 3640 euesrt‚fictr‘lessuisse.
465 3597 476 3618 ι
486 3573 598 3622 Ceterum
610 3576 670 3622 deos
678 3574 798 3638 propitios
807 3590 835 3621 ac
843 3573 950 3621 faventes
961 3573 1039 3637 poetis
1048 3573 1238 3638 dicipneseutes‚

177 3667 231 3704 uota
245 3671 284 3704 res
296 3666 341 3703 est.
362 3657 487 3718 Quamdiu
501 3658 568 3705 enim
582 3657 687 3722 speciem
703 3657 792 3706 divina
804 3667 896 3704 naturas
909 3657 941 3704 sd
957 3655 1089 3704 humanam
1103 3670 1241 3703 accommo-

177 3738 241 3786 davit
250 3740 399 3804 antiquitas,
411 3755 509 3787 ornnem
522 3740 571 3786 fere
582 3741 633 3788 vim
644 3742 697 3805 ejus
710 3756 737 3788 ac
747 3749 889 3804 potestatem
903 3756 916 3786 a
927 3739 1054 3802 praesentia
1064 3736 1165 3785 deorum
1180 3753 1240 3802 pen·

177 3821 232 3870 dere
242 3824 357 3872 credidit.
370 3823 557 3872 contenenda
571 3833 595 3871 et
609 3823 690 3890 Ileyn.
705 3823 736 3873 ad
750 3823 836 3888 virgil.
852 3823 933 3887 Fclog.
945 3827 972 3882 1,
987 3831 1035 3884 4²5
1048 3823 1138 3885 θεοῖς.
1151 3823 1178 3882 1,
1196 3837 1239 3871 ro.

595 3991 823 4011 mm

212 4091 299 4141 went.
311 4095 443 4155 interpret.
455 4090 545 4140 Matth.
559 4077 630 4149 xlv,
639 4104 687 4147 2⁰3
734 4091 902 4152 193an.IX,
914 4104 957 4150 173
970 4089 1028 4138 Joh.
1039 4091 1087 4147 VI,
1098 4089 1127 4136 13
1137 4105 1142 4134 :
1154 4105 1241 4140 omnes

175 4169 249 4230 xvi,
263 4187 369 4231 7-ro;
389 4172 526 4230 Maruvl,
548 4171 686 4232 s33vr11,
732 4170 908 4220 huncseusutn
917 4167 1071 4223 confirmant,
1084 4169 1128 4219 En,
