3130 4986
489 431 676 496 sartan
704 431 909 496 ‘suarm
1171 441 1229 525 147

161 547 297 632 Tristis,
315 562 351 615 et
367 571 386 614 a
402 570 528 642 magno
545 569 680 639 semper
694 545 841 614 timearis
856 546 975 615 amico.
1003 593 1004 596 =

209 659 321 748 «Quae
338 681 432 726 nunc
450 655 607 725 divitibus
624 679 706 750 gens
722 655 954 749 acceptissima
969 659 1109 743 nostris,

163 773 207 839 Et
222 793 308 862 quos
325 767 497 863 praicipue
514 765 657 862 fugiam,
674 769 864 862 properabo
881 766 996 853 lateri,

165 882 236 949 Nec
252 877 366 974 pudor
381 878 539 946 obstabit.
557 879 635 948 Non
652 901 787 972 possum
805 875 914 962 ferre,
929 878 1098 966 Quirites,
1197 901 1230 951 60

164 991 320 1058 Graecam
337 987 457 1056 urbem
473 1013 481 1055 ε
500 987 650 1080 quamvis
667 1001 768 1080 quota
785 988 895 1080 portio
913 985 1001 1056 streis
1017 989 1171 1060 Achaeae?

162 1101 238 1166 Jam
254 1097 390 1193 pridem
406 1099 511 1191 Syrus
529 1096 565 1163 in
581 1094 731 1163 Tiberim
750 1095 889 1164 defluxit
904 1097 1068 1184 Orontes,

164 1209 209 1274 Et
225 1206 396 1301 linguam,
414 1219 448 1272 et
463 1229 591 1288 mores,
608 1219 734 1274 etcum
751 1204 889 1274 tibicine
906 1205 1048 1275 chordas

164 1315 347 1410 Obliquas,
364 1339 428 1384 nec
444 1338 512 1381 non
530 1313 669 1408 gentilia
685 1327 842 1408 tympana
858 1339 972 1384 secum

164 1424 285 1508 Vertit,
302 1437 337 1491 et
352 1423 394 1491 ad
409 1423 546 1492 Circum
561 1421 668 1514 jussas
685 1438 836 1516 prostare
852 1421 988 1517 puellas.
1202 1441 1233 1493 65

164 1536 234 1620 lte,
251 1533 377 1628 quibus
393 1547 488 1627 grata
503 1545 553 1598 est
573 1531 662 1625 picta
678 1531 756 1625 lupa
772 1532 912 1600 barbara
927 1535 1035 1600 mitra.

212 1674 229 1708 α
241 1643 401 1711 Rusticus
417 1639 472 1709 ille
488 1655 565 1708 tuus
581 1641 682 1707 sumit
697 1641 935 1735 trechedipna,
951 1643 1114 1730 Quirine,

165 1756 211 1822 Et
227 1751 432 1821 ceromatico
449 1749 515 1818 fert
532 1747 696 1816 niceteria
712 1746 808 1816 collo.

165 1863 231 1930 Hic
247 1859 314 1929 alta
329 1861 493 1954 Sicyone,
510 1871 561 1925 ast
579 1856 634 1924 hic
652 1857 827 1950 Amydone
844 1857 977 1946 relicta,
1075 1845 1080 1854 ¹

165 1973 232 2040 llic
248 1970 383 2056 Andro,
402 1967 456 2037 ille
473 1968 590 2052 Samo,
607 1965 662 2034 bic
677 1966 842 2034 Trallibus
858 1983 914 2036 aut
931 1967 1128 2056 Alabandis,
1200 2007 1234 2057 7⁰

165 2079 352 2174 Esquilias,
369 2077 565 2170 dictumque
582 2089 704 2169 petunt
718 2099 738 2142 a
753 2076 879 2146 vimine
896 2076 1034 2162 collem,

164 2305 302 2380 accipies,
316 2323 396 2379 quas,
411 2304 502 2360 serius
516 2304 610 2373 ocius,
624 2323 688 2359 cum
701 2304 759 2358 vita
772 2303 976 2376 relinquenda,
993 2315 1021 2360 te
1033 2323 1111 2360 nunc
1124 2307 1234 2364 tristem

165 2397 292 2456 efficiant
310 2407 391 2452 metu
411 2396 581 2452 insidiarum
601 2396 638 2450 ab
657 2395 749 2450 amico
768 2394 885 2450 umente
903 2413 942 2450 ne
959 2413 1094 2452 arcanum
1116 2410 1235 2475 retegas.

205 2517 218 2542 ι
230 2491 278 2548 58.
295 2491 358 2565 Ego
368 2507 440 2546 vero
453 2489 545 2546 dicam
557 2487 813 2561 breviterquinatu
825 2486 957 2544 homines
970 2508 987 2544 a
1001 2489 1138 2546 Romanis
1153 2493 1236 2548 loco-

165 2583 292 2658 pletibus
305 2582 453 2656 praecipuo
464 2582 624 2637 habeantur
638 2581 670 2635 in
684 2580 842 2636 honoreac
858 2578 968 2654 pretio,
984 2591 1013 2636 et
1027 2592 1151 2656 propter
1163 2601 1237 2657 quos

166 2675 324 2751 prusertim
345 2675 438 2730 Muta
461 2673 619 2742 discedam,
639 2691 692 2729 nec
713 2673 845 2750 pudore,
859 2673 1017 2746 {quominus
1036 2691 1104 2730 vera
1124 2675 1235 2743 dicam,

167 2767 348 2824 deterrebor.
364 2768 391 2824 0
407 2765 551 2836 Quirites!
569 2765 672 2822 urbem
686 2763 824 2820 oraculis
841 2744 1039 2835 referramlrc
1054 2775 1144 2822 totam
1157 2785 1237 2841 paene

167 2863 311 2926 Graecam,
329 2859 389 2933 pati
401 2875 515 2932 nequeo
529 2875 712 2932 :quanquam
726 2849 824 2926 fallor,
839 2857 889 2929 qui
905 2857 1042 2914 Graeculis
1053 2860 1165 2932 plenam
1177 2879 1236 2918 esse

166 2953 288 3008 lionam
300 2949 438 3019 dixerim
451 2949 494 3004 itti
507 2948 638 3005 homines
649 2944 863 3023 despicatissimi
876 2949 994 3004 minima
1004 2961 1071 3005 sunt
1081 2969 1147 3024 pars
1160 2963 1238 3009 exte·

167 3063 283 3114 rorum,
300 3045 353 3118 qui
369 3045 491 3099 Romam
512 3041 642 3115 quotidie
664 3041 821 3098 confluunt.
841 3043 1015 3098 Iamdudum
1039 3045 1166 3102 Orontes
1189 3047 1236 3101 ri-

166 3136 253 3194 detur
260 3136 353 3192 undas
369 3153 433 3191 suas
446 3133 546 3190 Tiberi
557 3133 755 3204 admiscuisse,
768 3143 798 3189 et
809 3135 929 3189 Romam
941 3134 1082 3192 invexisse
1095 3138 1237 3212 Syrorum
1296 3181 1301 3194 .

165 3247 347 3298 sermonem,
363 3245 472 3292 mores,
489 3225 620 3286 tibicines
633 3223 758 3298 obliquis
773 3225 889 3281 chordis
903 3225 946 3280 uti
960 3227 1077 3296 solitos,
1093 3246 1157 3284 curn
1175 3229 1237 3286 usi-

165 3321 231 3378 tatis
247 3321 279 3376 iu
291 3319 376 3395 Syria
391 3318 548 3394 tympanis,
566 3327 595 3372 et
610 3317 774 3374 meretrices
789 3336 852 3391 quae
867 3317 905 3373 ad
920 3318 1028 3374 circum
1042 3329 1116 3376 stare
1129 3321 1237 3393 juben-

165 3423 227 3482 tur,
244 3422 386 3487 quaestum
407 3413 443 3467 tle
461 3427 583 3484 corpore
605 3409 747 3466 iacientes.
772 3413 836 3468 Huc
855 3411 911 3480 ite,
926 3429 994 3480 vos,
1008 3415 1149 3484 Romani,
1164 3435 1237 3490 quos

165 3523 225 3562 uon
240 3505 345 3579 pudet,
361 3503 497 3559 barbaras
510 3502 673 3558 meretrices
688 3503 836 3576 picturatis
853 3503 967 3559 indutas
982 3504 1075 3562 mitris
1089 3507 1237 3567 adamare!

197 3599 254 3668 ·67.
268 3621 281 3646 α
292 3599 354 3655 Nec
365 3609 413 3667 tu,
425 3595 564 3664 Romule,
579 3594 779 3670 indigneiers,
796 3603 861 3650 tuos
869 3595 1088 3652 illosllomanos
1100 3611 1237 3677 agrestes,

166 3711 195 3758 et
216 3693 385 3753 deliciarum
399 3689 469 3747 olim
493 3689 612 3744 istarum
634 3689 736 3758 rudes,
759 3687 926 3744 vestimenta
943 3699 1053 3764 gestare
1071 3691 1239 3750 Graecorum

166 3790 340 3870 palestrino,
358 3796 388 3841 et
403 3799 525 3858 appensa
539 3800 555 3836 e
570 3781 650 3838 collis
664 3793 812 3838 ceromate
820 3781 968 3850 delibutis,
983 3785 1098 3857 praemia
1110 3785 1239 3845 victoria

167 3901 251 3960 wem
263 3883 294 3938 in
309 3879 371 3936 istis
383 3873 634 3933 exercitationibus
645 3873 763 3930 ludicris
774 3883 974 3948 reportarunt,
991 3886 1134 3933 ostentare
1139 3895 1150 3947 ;·
1161 3879 1239 3936 inte-

166 3979 221 4034 rim
235 3976 308 4032 dum
328 3968 423 4028 Graeci
438 3969 524 4042 longe
538 3965 741 4034 consultiores,
762 3962 833 4020 alius
851 3963 997 4042 profectus
1009 3965 1149 4042 Sicyone,
1168 3970 1239 4029 alius

167 4068 336 4144 Amydone,
347 4059 396 4116 hic
410 4077 446 4114 ex
463 4056 566 4113 Andro
578 4056 683 4126 insuta,
703 4056 751 4111 ille
764 4056 800 4111 ab
817 4055 890 4110 urbe
902 4055 1002 4125 Samo,
1017 4068 1066 4113 aut
1079 4059 1240 4134 Trallibus,

169 4155 381 4220 Alabandisve,
403 4151 525 4206 Romam
541 4147 675 4222 veniunt,
692 4146 729 4202 ad
748 4145 904 4221 Esquilias,
924 4155 952 4201 et
970 4147 1073 4204 collem
1096 4169 1112 4205 a
1132 4151 1239 4209 viminu

1046 4265 1094 4303 Π).
