3130 4986
322 465 365 532 86
594 466 635 530 D.
665 465 805 528 JUNII
833 464 1119 528 JUVENALIS

321 583 407 648 Ante
424 605 540 648 omnes
556 579 655 646 debet
670 581 864 648 Scantinia:
883 580 1012 674 respice
1029 580 1192 673 primum,

320 694 363 760 Et
379 706 526 759 scrutare
543 691 648 772 viros;
665 689 794 759 faciunt
810 690 845 758 hi
862 689 974 784 plura;
993 691 1051 760 sed
1068 689 1142 760 illos
1360 698 1392 760 45

319 801 481 869 Defendit
497 824 672 886 numerus,
686 802 879 894 junctaeque
895 799 1041 870 umbone
1059 799 1253 894 phalanges.

321 913 447 1005 Magna
464 912 551 979 inter
567 910 683 980 molles
701 911 904 980 concordia:
923 935 992 978 non
1008 912 1073 978 erit
1087 909 1194 988 ullum

320 1017 517 1112 Exemplum
535 1020 568 1086 in
586 1034 701 1088 nostro
719 1034 786 1088 tam
802 1019 996 1088 detestabile
1013 1043 1103 1088 seru.

319 1129 430 1198 Taedia
446 1154 516 1197 non
532 1128 649 1198 lambit
664 1127 834 1214 Cluviam,
851 1155 914 1198 nec
931 1129 1030 1199 Flora
1045 1127 1233 1200 Catullum:
1345 1137 1353 1158 ¹

319 1238 425 1331 Hispo
442 1237 530 1304 subit
546 1238 706 1330 juvenes,
723 1252 757 1305 et
771 1238 890 1306 morbo
907 1237 1009 1332 pallet
1024 1254 1178 1331 utroque.
1358 1249 1393 1300 ⁵0

319 1345 494 1438 Numquid
511 1369 572 1415 nos
587 1347 717 1440 agimus
734 1347 884 1416 caussas?
899 1347 1010 1416 civilia
1022 1349 1101 1441 jura

318 1453 506 1523 Novimus?
520 1470 580 1524 aut
594 1453 663 1523 ullo
680 1457 823 1550 strepitu
839 1455 912 1524 fora
929 1472 1039 1526 vestra
1055 1454 1251 1526 movemus?

317 1565 505 1632 Luctantur
522 1587 653 1658 paucae,
672 1566 853 1634 comedunt
869 1564 1017 1658 coliphia
1032 1590 1158 1659 paucae.

317 1675 387 1741 Vos
404 1671 513 1740 lanam
529 1672 675 1760 trahitis,
691 1673 896 1767 calathisque
913 1689 1049 1768 peracta
1065 1673 1198 1742 refertis

316 1782 472 1852 Vellera:
490 1808 549 1852 vos
567 1785 661 1852 tenui
679 1799 909 1879 praegnantem
926 1784 1066 1852 stamine
1083 1783 1195 1852 fusum
1357 1789 1390 1844 5⁵

317 1890 486 1987 Penelope
503 1893 641 1978 melius,
658 1893 763 1964 levius
779 1895 942 1988 torquetis
958 1894 1132 1978 Arachne3

317 2002 462 2071 Horrida
478 2003 575 2097 quale
592 2003 673 2074 lacit
690 2005 837 2074 residens
856 2006 891 2073 in
909 2004 1027 2076 codice
1044 2003 1162 2098 pellex.

316 2115 445 2182 Notum
462 2127 529 2198 est,
545 2137 607 2181 cur
623 2112 694 2182 solo
710 2114 838 2184 tabulas
854 2114 1046 2208 impleverit
1061 2114 1175 2182 Hister

317 2223 475 2306 Liberto;
493 2221 626 2291 dederit
642 2223 739 2291 vivus
756 2248 817 2292 cur
833 2222 937 2292 multa
953 2220 1082 2315 puellae.

315 2445 423 2522 pudeat
437 2443 523 2502 edere
539 2447 611 2502 mihi
630 2465 738 2504 nomen
751 2447 829 2504 illins
841 2446 1035 2522 unguentarii.
1055 2445 1143 2516 Quod
1160 2443 1185 2500 si
1208 2446 1393 2520 appellentur

315 2558 331 2595 a
352 2549 380 2594 te
392 2539 484 2614 leges,
499 2549 529 2594 et
547 2540 686 2607 moleste,
703 2540 784 2615 qussi
800 2539 992 2610 dormientes,
1011 2537 1188 2605 excitantur,
1212 2528 1390 2592 Scantiniam

315 2629 393 2686 illem
405 2640 506 2686 contra
519 2630 671 2689 uelandam
683 2633 843 2701 Venerem,
856 2631 988 2706 prolecto
1002 2648 1061 2705 prae
1074 2628 1176 2686 ceteris
1187 2629 1325 2702 appellari
1338 2647 1392 2704 per

316 2732 368 2778 est
382 2721 469 2778 Viros
485 2723 693 2797 contemplare,
710 2734 853 2780 eteorum
868 2741 965 2779 mores
979 2732 1122 2778 scrutare:
1138 2719 1254 2795 gravius
1270 2731 1392 2794 peccam

314 2814 443 2884 leminis,
457 2815 508 2871 sed
519 2834 641 2873 numero
659 2835 689 2872 se
707 2827 826 2872 tuentur
839 2825 939 2872 contra
956 2817 1052 2891 legum
1067 2814 1267 2883 severitatem,
1284 2823 1317 2868 nt
1332 2812 1391 2868 mi-

315 2910 381 2966 lites
397 2910 479 2965 multi
490 2910 598 2984 junctis
617 2910 724 2986 clypeis
741 2909 865 2968 confmti
879 2911 991 2966 hostem
1008 2919 1115 2966 arcent.
1132 2911 1238 2984 Magna
1256 2917 1298 2964 est
1312 2906 1392 2963 inter

314 3003 415 3057 molles
428 3001 558 3073 pathieos
578 3002 749 3072 concordia,
767 3019 820 3058 nec
840 3002 932 3058 ullum
952 3001 1009 3058 erit
1024 3001 1187 3074 exemplum
1202 2999 1275 3054 adeo
1291 2997 1390 3053 infan-

315 3089 385 3146 dum
395 3090 426 3144 in
437 3101 538 3146 nostro
550 3109 629 3147 sexu.
642 3091 754 3163 Tadia,
768 3093 835 3149 licet
846 3091 989 3167 impudica
1003 3089 1123 3160 mulier,
1134 3107 1194 3146 non
1208 3089 1309 3145 lambit
1318 3089 1390 3144 Clu-

315 3181 408 3250 viam,
424 3199 478 3237 nec
502 3182 587 3238 Flora
610 3183 760 3239 Catullam.
783 3185 875 3259 Hispo
897 3203 968 3241 vero
990 3182 1091 3239 lambit
1111 3182 1244 3256 juvenes,
1260 3190 1289 3236 et
1301 3181 1390 3254 pallet

313 3276 434 3333 libidine
448 3277 617 3351 exsanguis,
633 3277 703 3334 dum
719 3277 840 3356 pedicet
859 3289 888 3335 et
907 3277 1074 3354 predicatur.
1092 3277 1140 3332 An
1159 3285 1286 3351 aguntur
1303 3293 1319 3330 a
1334 3291 1389 3330 no-

313 3369 358 3424 bis
376 3375 494 3439 cedma,
519 3387 556 3424 an
578 3371 713 3426 callemus
731 3371 797 3444 jura
818 3371 926 3442 civilis,
948 3381 997 3442 ant
1012 3368 1185 3424 clamoribus
1199 3367 1304 3424 nostris
1324 3365 1389 3425 fora

311 3471 408 3516 restra
422 3460 591 3516 turbamus?
605 3479 702 3535 paucae
714 3462 827 3519 seminas
840 3462 971 3539 pugilatu
988 3471 1016 3516 et
1026 3459 1184 3516 luctatione
1197 3467 1389 3528 exercentem

225 3553 236 3577 ³
312 3571 409 3628 panca
424 3565 580 3608 vescuntur
592 3553 648 3610 illis
658 3554 796 3629 panibus,
811 3555 916 3631 quibus
931 3565 1055 3610 utuntur
1065 3553 1178 3608 athlete
1194 3552 1232 3608 ad
1247 3551 1389 3608 corrobo-

312 3646 415 3702 randas
426 3645 511 3702 vires.
522 3647 582 3702 Vos
596 3666 612 3703 e
628 3649 693 3704 colo
705 3647 808 3705 ducitis
826 3649 934 3716 lanam,
948 3665 967 3702 o
980 3643 1051 3715 riri3
1069 3653 1097 3701 et
1114 3645 1145 3699 in
1162 3643 1294 3700 vimineis
1310 3644 1389 3701 e'nlis

312 3737 532 3812 perlectapensa
545 3739 716 3813 reportatis3
730 3757 782 3795 ros
795 3739 905 3808 huam,
916 3735 997 3811 cnjus
1010 3735 1104 3793 medin
1113 3753 1179 3810 pars
1190 3736 1324 3792 involuto
1334 3735 1389 3792 cir-

311 3847 377 3884 cum
387 3827 437 3885 iilo
444 3827 617 3899 intumescit,
628 3829 708 3904 quasi
718 3847 877 3906 praegnans,
883 3825 997 3885 doctius
1004 3838 1033 3884 et
1040 3826 1133 3897 citius,
1141 3842 1227 3900 quarn
1234 3828 1388 3901 Penelope,

313 3934 362 3980 ant
379 3925 528 3993 Araclme,
541 3924 757 3999 contorquetis3
772 3923 855 3998 qmle
868 3921 937 3977 facit
946 3920 1066 3996 agrestis
1078 3919 1127 3976 illa
1143 3937 1243 3990 serva,
1258 3919 1388 3980 residens

313 4005 427 4090 alligata
436 4025 540 4072 tmnco
552 4017 647 4093 ligneo
658 4057 666 4086 ,
678 4015 744 4091 quia
757 4015 793 4070 ab
807 4031 900 4070 uxore
915 4012 1027 4070 domini
1037 4010 1082 4069 sni
1095 4012 1126 4070 in
1136 4010 1310 4068 adulterium
1319 4029 1387 4070 cnm

312 4105 377 4178 ipso
391 4105 566 4180 deprebensa
583 4119 633 4164 est.
651 4111 759 4166 Omnes
774 4116 884 4163 norunt
899 4123 952 4162 cur
968 4105 1065 4162 Hister
1082 4103 1220 4162 libertum
1235 4123 1319 4161 snum
1337 4121 1387 4160 soa

310 4198 372 4256 lum
391 4217 428 4257 ex
441 4217 501 4258 asse
514 4199 658 4259 haeredem
678 4199 781 4258 tabulis
800 4199 962 4258 testamenti
978 4197 1171 4273 inscripserit;
1184 4207 1213 4254 et
1229 4213 1298 4269 cur,
1313 4197 1384 4256 dum
