3130 4986
248 407 255 438 ¹
346 353 406 478 1⁸58
617 413 659 476 D.
685 412 824 476 JUNH
850 413 1133 484 IUVENALIS

340 533 409 598 Aut
423 527 621 597 Fabrateriae
637 527 775 614 domus,
794 543 853 595 aut
867 529 1054 600 Frusinone
1072 548 1224 625 paratur,

340 638 467 726 Quanti
486 661 577 706 nunc
593 637 749 705 tenebras
766 661 872 704 unum
890 637 1053 708 conducis
1072 641 1107 708 in
1121 665 1257 710 annum.
1361 661 1409 712 225

340 745 503 816 Hortalus
519 747 591 830 hic,
609 761 798 840 puteusque
815 747 943 833 brevis,
961 773 1025 816 nec
1042 764 1130 818 reste
1148 751 1355 838 movendus,

339 861 380 926 In
398 874 514 927 tenues
532 855 660 951 plantas
677 855 767 926 facili
785 855 989 925 diffunditur
1007 858 1139 928 haustu.

338 969 425 1036 Vive
442 967 588 1036 bidentis
606 991 740 1051 amans,
757 981 791 1034 et
807 966 890 1036 culti
909 967 1041 1038 villicus
1060 970 1169 1056 horti,

336 1076 437 1146 Unde
455 1075 592 1171 epulum
612 1075 716 1169 possis
734 1089 871 1144 centurn
890 1075 969 1144 dare
990 1078 1219 1173 Pythagoreis.

336 1191 396 1257 Est
411 1187 553 1282 aliquid,
572 1209 788 1280 quocumque
808 1184 901 1270 loco,
920 1211 1136 1283 quocumque
1152 1213 1304 1277 recessu,
1359 1207 1408 1259 ²30

336 1298 445 1366 Unius
461 1320 532 1364 sese
549 1295 724 1364 dominum
742 1294 861 1363 fecisse
879 1293 1023 1363 lacerta.

384 1404 584 1473 «Plurimus
600 1403 656 1472 hic
673 1427 764 1498 aeger
780 1403 925 1470 moritur
940 1403 1110 1498 vigilando
1127 1429 1135 1471 :
1155 1405 1214 1473 sed
1231 1404 1327 1474 illum

335 1519 550 1610 Languorem
568 1513 705 1608 peperit
721 1513 815 1581 cibus
834 1512 1071 1607 imperfectus,
1090 1528 1125 1581 et
1143 1514 1273 1584 haerens

334 1625 476 1695 Ardenti
495 1623 667 1693 stomacho
686 1648 694 1690 :
718 1645 794 1690 nam
813 1648 887 1716 quae
903 1623 1074 1690 meritoria
1093 1647 1250 1692 somnum

333 1732 546 1805 Admittunt?
561 1733 691 1827 magnis
707 1732 828 1826 opibus
846 1732 1013 1800 dormitur
1028 1731 1062 1797 in
1080 1731 1174 1800 Urbe
1190 1758 1198 1799 ε
1354 1748 1404 1800 235

333 1844 417 1912 Inde
434 1856 537 1936 caput
552 1841 673 1910 morbi.
693 1840 889 1910 Rhedurum
908 1840 1068 1908 transitus
1085 1855 1180 1908 arcto

331 1958 494 2027 Vicorum
514 1955 548 2022 in
565 1953 671 2038 flexu,
689 1967 723 2020 et
739 1954 858 2022 stantis
876 1953 1029 2022 convicia
1044 1952 1192 2022 mandrae

331 2067 485 2159 Eripient
503 2087 658 2130 somnum
675 2063 803 2146 Druse,
821 2061 999 2155 vitulisque
1016 2062 1164 2129 marinis.

330 2176 365 2244 Si
381 2188 479 2242 vocat
496 2171 665 2257 officium,
683 2172 780 2240 turba
798 2171 957 2256 cedente,
975 2169 1118 2239 vehetur

328 2389 487 2466 possidebis
512 2389 544 2442 in
562 2388 636 2443 urbe
651 2387 741 2455 sora,
763 2397 813 2442 aut
832 2386 1014 2453 Fabrateria,
1037 2396 1086 2442 aut
1106 2385 1284 2458 Frusinone,
1313 2407 1400 2464 quam

327 2504 387 2560 quo
404 2481 542 2538 conducis
556 2483 656 2535 Romae
673 2479 703 2532 in
718 2497 808 2533 unum
822 2480 962 2534 duntaxat
975 2499 1081 2536 anuum
1095 2481 1220 2556 aliquem
1235 2475 1400 2541 tenebrico-

327 2593 390 2632 sum
403 2573 548 2648 angulum.
564 2569 609 2624 lbi
623 2568 717 2624 aderit
727 2570 875 2642 hortulus,
889 2569 989 2626 domni
1000 2571 1168 2644 adjunctam,
1181 2585 1211 2630 et
1221 2584 1324 2648 puteus
1337 2595 1399 2634 non

325 2669 414 2734 altus,
431 2683 466 2720 ex
481 2681 541 2736 quo
552 2661 613 2716 sine
630 2661 698 2716 fune
712 2672 741 2716 et
753 2679 840 2716 manu
852 2662 913 2735 ipsa
924 2663 1039 2718 haurire
1050 2681 1153 2738 aqrram
1165 2664 1290 2740 poteris,
1306 2687 1398 2742 eaque

325 2761 407 2817 facile
427 2755 508 2812 horti
529 2755 639 2828 plantas
660 2751 790 2826 irrigare.
814 2753 893 2822 Quid
912 2772 1003 2827 porro
1014 2756 1170 2828 jucundius
1190 2758 1331 2814 rusticana
1348 2759 1397 2816 illa

324 2853 400 2921 vila,
413 2869 475 2924 qua
485 2847 598 2902 sarculo
608 2855 636 2900 et
647 2843 765 2899 bidente
774 2856 868 2900 rastro
880 2846 1002 2920 gaudet,
1015 2847 1066 2902 nbi
1076 2849 1141 2904 lieet
1153 2851 1271 2906 hortum
1282 2853 1395 2922 colere,

325 2942 405 3015 cujus
417 2960 451 2997 ex
466 2937 593 2996 oleribus
605 2954 707 3010 parare
720 2935 811 3010 possis
823 2937 989 2993 convivium
1002 2949 1117 2994 centurn
1133 2937 1278 3015 discipulis
1292 2943 1395 3018 Pytha-

325 3033 423 3110 goraei
438 3034 542 3107 Operae
554 3027 678 3102 pretium
693 3037 735 3082 est
756 3027 916 3083 dominium
935 3029 989 3084 sibi
1004 3032 1049 3086 vel
1067 3031 1152 3088 unius
1169 3034 1281 3088 lacertae
1296 3035 1393 3109 aequi·

324 3145 405 3198 rere,
426 3139 609 3199 quocumque
630 3120 747 3176 demum
766 3119 797 3174 in
815 3120 900 3190 loco,
924 3123 1083 3195 quamlibet
1101 3124 1215 3180 deserto
1240 3137 1269 3182 et
1290 3127 1392 3202 ignoto

324 3219 418 3294 degas.

364 3312 430 3368 232.
440 3333 452 3358 «
463 3307 510 3364 hd
521 3325 553 3362 ea
564 3323 626 3379 qnae
638 3303 699 3359 dixi
710 3301 790 3358 urhis
801 3303 998 3372 incommoda,
1007 3305 1064 3361 hoc
1076 3307 1160 3364 etiarn
1172 3309 1296 3378 accedit,
1312 3311 1392 3384 quod

268 3466 272 3472 ,
322 3406 352 3461 in
363 3424 395 3460 ea
406 3403 569 3475 frequentes
580 3395 649 3472 aegri
660 3395 797 3452 diuturna
810 3394 907 3470 vigilia
919 3397 1149 3473 exstinguuntur.
1163 3401 1271 3456 Eorum
1283 3401 1390 3477 quippe

321 3495 445 3553 morbi'e
456 3491 527 3548 cibis
538 3488 701 3564 indigestis,
713 3505 806 3562 neque
817 3486 905 3543 coctis
920 3507 1038 3558 somno,
1053 3509 1085 3546 ac
1097 3492 1274 3547 stomachum
1286 3493 1391 3550 acriter

321 3605 469 3648 accensum
487 3581 732 3659 praegravantibus
752 3579 894 3636 oriuntur.
915 3580 1028 3649 Quibus
1049 3582 1124 3637 enim
1140 3583 1171 3638 in
1184 3583 1298 3640 sedibus
1312 3603 1391 3642 mer·

321 3683 390 3742 cede
406 3677 524 3746 locatis,
539 3686 568 3732 et
581 3672 747 3731 diversoriis
761 3672 900 3746 publicis,
917 3693 1018 3748 capere
1030 3695 1161 3732 somnum
1174 3677 1286 3751 placide
1300 3679 1390 3736 lieet?

319 3773 435 3833 Nemini
450 3768 594 3837 dormire,
613 3767 669 3822 nisi
684 3765 839 3834 divitibus,
853 3767 951 3820 Romae
968 3785 1132 3822 concessum
1152 3779 1203 3824 est.
1223 3771 1289 3825 llaec
1304 3772 1388 3848 origo

318 3867 510 3931 morborum,
530 3859 577 3915 bic
597 3859 685 3914 lons:
708 3855 805 3912 rhedae
821 3867 1025 3930 praetereuntes
1043 3878 1095 3933 per
1111 3859 1242 3916 viror-am
1256 3875 1389 3938 angustas

319 3961 469 4035 ambages,
492 3967 521 4013 et
533 3971 619 4010 voces
634 3949 790 4006 inconditae
806 3968 838 4004 ac
854 3951 1004 4008 maledicta
1023 3953 1127 4026 quibus
1147 3953 1259 4030 aurigas
1279 3957 1390 4012 hcessit

319 4055 426 4123 mulio,
443 4070 508 4109 curn
520 4067 572 4105 sno
582 4046 779 4119 jumentorum
792 4061 879 4120 grege
893 4059 1007 4104 maenas
1021 4045 1191 4119 subsistere,
1203 4049 1295 4106 donec
1307 4053 1388 4107 erol-

319 4157 388 4203 vant
400 4163 429 4201 se
446 4142 557 4210 rhedae,
570 4137 698 4194 adiment
716 4153 833 4194 somnos
846 4138 892 4194 vel
908 4137 963 4212 ipsi
980 4141 1090 4209 Druso,
1106 4158 1139 4196 ac
1153 4139 1269 4197 marinis
1279 4143 1388 4200 vitulis.
