3122 4986
190 461 1235 502 mmmwwwwwumwmmwwmmwnmmww

363 695 675 816 SATIRA
708 695 1059 815 OCTAVA..

629 979 795 996 *nh—Q

117 1383 122 1390 Ι
183 1247 393 1356 Srruusrn
407 1277 491 1380 quid
507 1271 657 1354 iaciunt?
671 1271 752 1378 quid
769 1273 924 1378 prodest,
941 1277 1101 1376 Pontice,
1117 1279 1217 1385 longo

185 1395 354 1489 Sanguine
371 1396 517 1482 censeri,
533 1395 708 1490 pictosque
726 1394 906 1464 ostendere
918 1396 1031 1467 vultus
1150 1465 1154 1474 ‚
1181 1422 1184 1429 ’

185 1505 374 1598 Majorum,
390 1519 426 1573 et
441 1519 567 1574 stantes
581 1504 616 1572 in
633 1503 787 1573 curribus
800 1504 1014 1594 AEmilianos,

184 1617 229 1684 Et
246 1615 368 1684 Curios
380 1615 450 1707 jam
468 1613 641 1700 dimidios,
657 1613 884 1708 humerosque
900 1615 1067 1686 minorem

184 1723 386 1808 Corvinum,
402 1738 438 1792 et
453 1721 595 1792 Galbam
612 1713 769 1795 auriculis
783 1744 932 1817 nasoque
949 1727 1157 1796 carentem?
1235 1743 1250 1796 5

183 1831 269 1920 Quis
285 1831 415 1902 fructus
432 1832 565 1926 generis
580 1830 692 1900 tabula
704 1832 831 1924 jactare.
846 1833 960 1925 capaci

182 1937 198 1968 ⁴
212 1942 413 2028 Corvinum,
430 1941 571 2036 posthac
583 1940 690 2010 multa
703 1940 902 2032 contingere
916 1940 1014 2034 virga
1060 1937 1063 1942 ’

184 2055 344 2121 Fumosos
360 2053 512 2148 equitum
529 2034 607 2118 cum
624 2050 788 2118 dictatore
806 2048 1000 2140 magistros,

186 2161 221 2228 Si
235 2185 347 2230 coram
362 2161 499 2255 Lepidis
514 2159 601 2228 male
617 2157 768 2227 vivitur?
782 2156 922 2251 Effigies
939 2182 1007 2252 quo

183 2273 250 2341 Tot
263 2271 477 2356 bellatorum,
494 2271 521 2338 si
539 2269 669 2338 luditur
686 2267 758 2336 alea
776 2291 906 2362 pernox

184 2383 275 2450 Ante
288 2375 536 2449 Numantinos?
553 2378 580 2444 si
595 2375 744 2444 dormire
757 2375 878 2469 incipis
895 2390 972 2444 ortu

182 2487 353 2572 Luciferi,
368 2510 436 2580 quo
451 2485 546 2578 signa
561 2484 664 2552 duces
678 2499 711 2552 et
726 2499 834 2552 castra
849 2485 1053 2554 movebant?
1133 2545 1137 2554 .

457 2671 571 2710 §HM
588 2671 707 2708 OCTAVAE
725 2670 983 2708 sttrmtttmrto.

226 2797 251 2834 t.
275 2777 361 2846 Qutu
375 2771 576 2840 emolumenti,
587 2780 636 2827 ant
644 2788 719 2827 rerae
730 2769 886 2846 solidaeque
899 2771 991 2828 laudis
1002 2773 1105 2847 habet,
1119 2775 1252 2848 Pontice,

183 2869 337 2946 preclarus
345 2866 420 2924 ordo
431 2864 572 2922 nobilium
582 2861 865 2937 avoruminautiqui
873 2862 1066 2938 generisserie
1075 2865 1252 2943 descriptus?
1341 2939 1343 2944 Ι

183 2959 264 3031 Quid
271 2959 353 3033 jurat
363 2959 481 3033 longam
489 2965 610 3013 vetustas
617 2954 730 3010 semilis
742 2954 945 3032 propaginem,
957 2955 989 3010 in
1000 2975 1151 3014 censorum
1162 2960 1252 3019 libros

182 3049 315 3108 referre?
332 3057 475 3106 ostentare
490 3045 632 3119 majorum
647 3045 775 3121 depictas
787 3045 940 3124 imagines3
960 3048 1089 3106 invectos
1105 3053 1252 3129 quadrigis

184 3140 371 3209 AEmilianos;
392 3137 495 3195 Curios
509 3136 627 3193 dimidia
642 3136 701 3211 jem
718 3149 798 3211 perte
812 3147 935 3212 propter
949 3141 1118 3196 vetustatem
1134 3160 1250 3214 exesos;

185 3233 344 3292 Corvinum
354 3230 481 3287 humeris
490 3229 687 3298 deminutum
698 3227 819 3282 Galbam
830 3245 890 3283 nou
898 3239 1008 3285 tanturn
1019 3239 1103 3303 naso,
1114 3233 1166 3290 sed
1176 3234 1253 3290 auri-

184 3325 238 3383 bus
248 3325 333 3382 etiam
343 3321 527 3379 truncatum?
537 3324 675 3392 Quaenam
685 3339 701 3376 e
713 3319 806 3376 nobili
816 3339 921 3397 genere
928 3322 1037 3380 utilitas
1047 3335 1077 3380 et
1086 3326 1176 3402 gloria
1188 3328 1252 3402 capi

183 3429 296 3494 potest,
312 3415 337 3472 si
348 3415 413 3490 quis
424 3415 456 3470 iu
467 3413 579 3490 ingenti
590 3423 621 3470 et
629 3413 722 3488 ampla
737 3414 834 3469 tabula
847 3427 1054 3473 commonstret
1063 3419 1252 3495 r'enditetque

184 3509 343 3568 Corvinum
364 3507 503 3581 majorem
523 3523 623 3576 suum,
648 3524 680 3561 ac
703 3505 807 3562 deinde
825 3504 978 3580 multiplici
996 3527 1093 3580 ramo,
1116 3519 1251 3585 tanquam

185 3599 283 3674 stirpis
295 3617 352 3656 suae
364 3609 514 3666 truncum,
526 3596 673 3674 confingat
686 3595 857 3666 dictatores,
869 3608 899 3654 et
909 3598 1061 3672 adjunctos
1076 3601 1131 3656 illis
1146 3601 1253 3676 magis-

185 3702 248 3748 tros
263 3691 409 3765 equitum,
426 3688 506 3746 sumo
522 3699 552 3746 et
564 3699 704 3745 vetustate
717 3689 878 3758 obsoletos,
896 3688 1030 3765 idemque
1044 3702 1110 3748 ante
1125 3693 1252 3768 Lepido-

185 3803 253 3842 rum
268 3782 405 3860 imngines
422 3781 511 3838 ritem
529 3781 664 3838 infamem
681 3791 711 3838 et
729 3779 897 3856 flagitiosam
912 3783 1011 3839 vivat?
1030 3784 1111 3854 Quid
1127 3785 1253 3844 afferunt

186 3875 242 3932 tibi
259 3874 371 3932 decoris
388 3885 418 3931 et
433 3874 595 3931 ornamenti
613 3885 659 3932 tot
676 3875 799 3930 heroum
816 3873 919 3931 bellica
939 3875 1047 3932 virtute
1066 3877 1253 3953 pulchrisque

184 3966 335 4024 laboribus
346 3963 501 4044 insignium
516 3965 652 4039 descripti
663 3965 777 4034 vultus,
792 3963 816 4020 si
825 3965 1007 4022 Numantinis
1020 3967 1110 4023 veluti
1122 3952 1253 4043 specian-

186 4061 264 4117 tibus
276 4071 305 4116 et
319 4057 575 4133 exprobrantibus,
593 4067 684 4113 totam
698 4066 813 4113 noctem
828 4057 859 4113 in
874 4060 934 4116 alea
946 4057 1091 4116 traducis?
1107 4059 1131 4116 si
1144 4060 1250 4118 lectum

188 4153 260 4226 petis
278 4163 308 4209 et
325 4169 476 4220 somnum,
494 4149 605 4206 oriente
623 4149 774 4217 Lucifero,
798 4168 856 4224 quo
875 4160 1006 4226 tempore
1025 4151 1113 4208 duces
1133 4154 1252 4212 sublatis

272 4243 298 4305 Ι.
1058 4245 1099 4320 squ
