3056 4984
468 425 657 493 SATIRA
686 427 866 492 SEXTA.
1138 429 1200 496 35³

137 542 342 626 Formosam,
357 537 420 608 nisi
436 564 510 634 quae
527 541 570 610 de
585 543 693 611 Tusca
707 542 862 611 Graecula
873 540 962 610 facta
977 541 1048 610 est?

136 649 185 718 De
197 648 412 717 Sulmonensi
429 674 521 718 mera
533 651 715 746 Cecropis?
729 653 853 721 Omnia
871 654 1008 738 Gracc,

134 755 274 844 *Quum
289 759 332 828 sit
347 772 447 854 turpe
463 761 568 854 magis
583 761 705 830 nostris
721 761 853 831 nescire
867 762 998 832 Latine.

134 869 207 935 Hoc
223 891 379 936 sermone
397 882 537 962 pavent,
553 869 618 938 hoc
633 870 733 957 iram,
748 869 885 964 gaudia,
902 895 1016 956 curas,
1111 961 1115 968 ι

135 979 207 1045 lloc
221 993 345 1046 cuncta
359 976 543 1047 effundunt
557 979 663 1047 animi
679 994 817 1048 secreta.
832 979 924 1066 Quid
939 979 1046 1049 ultra?
1155 1014 1204 1066 190

134 1087 373 1158 Concumbunt
387 1090 516 1158 Graece.
533 1089 650 1158 Dones
665 1102 779 1157 tamen
796 1089 858 1157 ista
872 1088 992 1183 puellis
1010 1115 1019 1157 ε
1126 1131 1130 1140 -

133 1199 230 1266 Tunc
245 1199 365 1282 etiarn,
380 1221 480 1291 quam
497 1212 611 1267 sextus
627 1211 663 1267 et
677 1197 902 1291 octogesimus
919 1222 1027 1268 annus

135 1307 263 1394 Pulsat,
277 1307 388 1376 adhuc
402 1304 545 1375 Graece?
558 1307 638 1375 Non
654 1321 706 1375 est
720 1307 775 1374 hic
789 1331 900 1374 sermo
915 1307 1060 1401 pudicus

136 1419 174 1484 ln
188 1415 313 1486 vetula.
328 1416 471 1503 Quoties
485 1415 644 1484 lascivum
661 1415 845 1484 intervenit
859 1416 943 1485 illud

138 1535 247 1600 ΖΩΗ
267 1531 362 1598 ΚΑΙ
382 1530 547 1610 rrxffi
567 1527 673 1595 Modo
690 1529 751 1596 snb
768 1527 877 1597 lodice
893 1528 1018 1599 relictis
1156 1549 1206 1618 ¹9⁵

136 1642 251 1722 Uteris
265 1641 301 1708 in
317 1641 424 1708 turha.
441 1635 544 1725 Quod
559 1636 650 1706 enim
665 1661 734 1704 non
751 1637 874 1706 excitet
892 1637 1019 1732 inguen

135 1753 209 1820 Vox
225 1748 348 1818 blanda
363 1763 398 1820 et
416 1745 585 1841 nequam?
600 1747 722 1840 digitos
738 1747 849 1816 habet.
867 1748 916 1816 Ut
932 1764 1045 1818 tamen
1061 1775 1178 1822 ornnes

136 1859 316 1958 Subsident
333 1882 468 1953 pennae,
486 1857 576 1926 dicas
592 1857 665 1926 haec
683 1856 815 1925 mollins
832 1861 952 1927 Haemo

136 1970 348 2062 Quamquam
363 1983 398 2038 et
414 1967 656 2062 Carpophor03
673 1965 775 2035 facies
790 1982 848 2036 tua
863 1985 1036 2062 computat
1052 1994 1168 2042 annos.

181 2080 217 2148 Si
236 2078 297 2146 tibi
314 2077 467 2171 legitimis
485 2090 615 2170 pactam
629 2075 849 2170 junctamque
867 2078 995 2148 tabellis
1154 2117 1206 2153 που

136 2190 213 2260 Νοιι
231 2213 268 2260 es
283 2201 471 2275 amaturus,
489 2185 636 2256 ducendi
651 2185 743 2256 nulla
759 2175 894 2256 videtur

135 2417 188 2474 nisi
201 2436 285 2492 quar,
300 2417 369 2474 lieet
381 2425 449 2472 nata
461 2415 498 2473 sit
510 2415 540 2471 in
552 2415 645 2473 media
660 2413 758 2487 Italia,
772 2417 803 2472 in
818 2417 878 2491 ipsa
893 2417 1024 2489 Etruria,
1041 2418 1211 2476 Graecorum

135 2521 229 2566 umen
244 2526 342 2566 mores
355 2507 556 2565 consectatur?
576 2527 665 2582 quum
679 2509 818 2566 Sulmone
830 2509 868 2566 sit
883 2510 1023 2581 oriunda,
1035 2529 1106 2570 rere
1118 2513 1211 2570 Athe-

135 2601 242 2658 niensis
266 2599 379 2658 cenaeri
404 2599 510 2676 gaudet
529 2621 536 2656 ε
561 2601 657 2657 omnia
672 2603 774 2658 Graeco
790 2619 923 2660 sermone
939 2605 1120 2678 loquuntur,
1143 2606 1212 2662 licet

134 2695 226 2750 multo
238 2695 277 2751 sit
291 2693 393 2750 foedius
405 2693 535 2748 latinam
551 2692 678 2767 linguam
693 2692 836 2769 ignorare:
853 2696 952 2750 Graeca
966 2695 1063 2774 lingua
1078 2707 1211 2772 stupent;

135 2789 186 2844 hae
194 2786 391 2856 iracundiam,
403 2785 544 2854 letitiam,
557 2784 756 2866 egritudines,
771 2782 937 2843 lrac'mentis
946 2805 1046 2843 arcana
1058 2787 1213 2861 proferunt

135 2879 278 2935 universa
298 2877 377 2947 Quid
390 2877 533 2952 amplius?
551 2879 650 2932 Graeoe
665 2877 861 2934 concumbunt
875 2901 882 2934 :
898 2879 1035 2952 permitte
1049 2891 1144 2938 tamen
1158 2881 1212 2937 ista

136 2969 287 3045 puellulis,
299 2987 318 3024 o
329 2970 424 3025 vetula
434 2968 557 3036 mulier,
569 2977 601 3022 ut
618 2970 717 3024 Graere
731 2970 902 3043 loquantum
914 2968 962 3025 sed
976 2980 1022 3040 tn,
1036 2989 1120 3044 quam
1134 2983 1212 3028 octo-

136 3061 259 3138 gesimus
275 3071 304 3116 et
316 3069 414 3116 sextus
427 3077 518 3115 annus
530 3058 640 3132 pulsat,
654 3068 754 3132 urget,
767 3059 922 3116 etiamnum
935 3063 1035 3116 Graue
1048 3061 1129 3134 loqui
1143 3063 1213 3120 alfe-

136 3154 214 3210 etas?
224 3152 279 3208 tibi
289 3150 441 3226 decrepitae
450 3150 555 3225 pudica
564 3167 625 3204 non
634 3159 701 3204 sunt
711 3151 770 3204 haec
779 3151 881 3220 verba,
890 3152 1003 3225 quoties
1014 3153 1213 3212 interveniunt

135 3245 246 3302 lascivae
263 3243 319 3298 illa
333 3261 436 3310 roces;
455 3253 525 3300 ΖΩΗ
540 3253 599 3298 ΚΑΙ
611 3251 717 3308 dixin
729 3242 793 3296 uita
806 3243 893 3297 mea!
909 3245 1011 3299 anima
1023 3247 1109 3300 meu!
1123 3247 1214 3302 relin-

136 3337 251 3414 quenda
271 3346 339 3392 sunt
358 3336 419 3391 haec
438 3333 492 3390 sub
512 3333 581 3389 lecti
599 3330 765 3406 opertorio,
782 3351 835 3390 nec
851 3336 1013 3408 usurpanda
1031 3337 1062 3394 in
1077 3339 1212 3412 publico,

136 3432 216 3507 qnod
227 3442 325 3486 tamen
333 3429 401 3486 sacis
411 3449 419 3484 ε
431 3447 496 3484 nam
507 3446 566 3483 vox
577 3424 744 3481 illecebrosa
759 3436 788 3481 et
801 3444 924 3500 nequam
937 3429 1018 3502 quod
1032 3429 1139 3506 inguen
1153 3449 1213 3486 nun

137 3523 296 3582 excitaret?
312 3541 344 3579 ea
357 3540 414 3577 vox
434 3531 548 3589 movet,
567 3529 702 3591 tanquam
719 3516 825 3592 digitos
839 3517 986 3592 palpantes
1000 3520 1112 3576 lrabeat.
1130 3525 1213 3578 Atta-

136 3637 203 3676 men
217 3616 349 3692 quamvis
363 3616 410 3671 illa
427 3612 602 3690 pronuncias
614 3612 714 3666 Haemo
726 3620 755 3664 et
768 3613 958 3686 Carpophoro
970 3613 1085 3669 mollius
1098 3633 1131 3670 ac
1146 3631 1214 3671 sua-

136 3711 216 3781 vius,
230 3709 361 3766 omnium
374 3725 476 3781 penna·
490 3704 656 3772 subsident,
676 3702 704 3758 id
722 3713 778 3773 est,
796 3703 873 3760 vires
886 3715 915 3759 et
929 3705 1011 3761 nervi
1027 3706 1143 3776 radent,
1161 3707 1213 3764 ubi

138 3801 239 3858 faciem
252 3812 331 3856 tuam
344 3797 472 3855 viderint
484 3815 575 3853 annos
590 3806 825 3870 computantem,
847 3796 955 3854 scilieet
974 3798 1146 3855 indicantem
1161 3819 1214 3856 ru·

139 3893 181 3969 gis
197 3903 227 3949 et
242 3910 323 3948 sento
341 3889 394 3946 tibi
408 3889 556 3964 octoginta
571 3907 618 3943 sex
636 3906 726 3944 annos
742 3888 917 3944 imumbere.
1213 3885 1215 3893 ’

180 4001 248 4040 aon.
271 3977 361 4052 Quod
370 3981 393 4038 ai
403 4000 462 4036 non
471 3986 617 4034 amaturus
630 3999 659 4035 es
671 3991 792 4036 uxorem
806 3980 860 4035 tibi
870 3979 1000 4052 legitimo
1008 3980 1137 4053 junctam
1148 4003 1212 4039 ma-

143 4075 294 4144 trimonio,
310 4073 388 4128 nulla
401 4091 496 4130 caussa
509 4081 566 4142 est,
588 4091 640 4126 cur
660 4089 720 4127 eam
740 4071 840 4137 ducas,
860 4082 1047 4146 sumptusque
1059 4073 1167 4147 perdas
1182 4075 1213 4130 in

143 4185 250 4224 ooeuam
264 4167 421 4224 solemn·
433 4165 539 4236 lactos;
551 4164 599 4220 rel
617 4162 649 4218 in
660 4174 802 4221 mustacea
819 4163 953 4224 donanda
967 4165 1098 4222 convivis
1114 4166 1213 4228 crudi-

227 4257 256 4322 1.
1019 4255 1060 4322 23
