3056 4984
333 411 396 480 382
604 411 645 473 D.
672 408 809 473 JUNII
834 407 1117 476 IUVENALIS

331 528 416 615 Quae
432 519 596 617 deprensa
611 535 729 617 patent
744 547 753 591 a
768 519 897 591 facinus
914 537 1026 592 tamen
1045 525 1115 620 ipsa
1130 527 1286 622 peregi.»
1346 547 1398 609 ato

332 637 428 704 Tune
443 631 527 700 duos
541 655 610 699 una
625 630 802 700 saevissima
817 630 933 726 vipera
948 631 1065 702 coenni

331 746 428 813 Tune
442 739 547 812 duos?
560 742 711 837 Septem,
729 744 757 812 si
772 756 901 836 septem
915 741 1003 812 forte
1017 741 1168 816 fuissent.

331 856 516 928 Credamus
532 855 682 950 tragicis,
699 855 864 952 quidquid
879 855 921 924 de
940 854 1100 926 Colchide
1118 872 1213 927 torva

330 965 463 1036 Dicitur
481 978 515 1034 et
531 966 662 1035 Procne
679 990 687 1034 r
705 964 753 1034 nil
769 980 888 1035 contra
902 991 1024 1054 conor,
1041 982 1077 1035 et
1091 966 1154 1037 illae

331 1074 481 1144 Grandia
493 1089 642 1144 monstra
655 1075 722 1144 suis
736 1075 905 1145 audebant
915 1075 1137 1170 temporibus3
1152 1075 1213 1146 sed
1348 1091 1396 1154 ⁶45

331 1187 411 1258 Non
425 1199 566 1280 propter
580 1208 745 1255 nummos.
761 1187 877 1256 Minor
890 1187 1065 1256 admiratio
1082 1187 1221 1256 summis

330 1295 483 1364 Debetur
496 1294 673 1380 monstris,
689 1295 820 1389 quoties
836 1293 918 1365 facit
933 1297 983 1364 ira
999 1310 1175 1364 nocentem

330 1408 432 1474 Hunc
447 1427 580 1490 sexum,
595 1418 631 1472 et
645 1403 735 1472 rabie
751 1403 849 1495 jecur
864 1404 1065 1472 incendente
1081 1402 1238 1476 feruntur

331 1512 539 1606 Praecipites3
553 1525 592 1580 ut
603 1535 679 1579 saxa
689 1511 779 1605 jugis
795 1512 955 1606 abrupta,
968 1512 1091 1606 quibus
1104 1537 1202 1584 mons

331 1622 556 1707 Subtrahitur,
574 1619 727 1713 clivoque
743 1618 830 1690 latus
843 1621 1013 1715 pendente
1031 1622 1167 1692 recedit.
1347 1641 1396 1694 oto

379 1731 473 1802 Illam
488 1756 551 1826 ego
564 1755 634 1799 non
648 1729 801 1817 tulerim,
816 1755 891 1825 quar
903 1745 1093 1825 computat,
1107 1748 1142 1803 et
1157 1730 1266 1804 scelus
1280 1734 1395 1830 ingens

331 1843 418 1911 Sana
431 1840 523 1911 facit.
536 1842 696 1936 Spectant
708 1839 908 1910 subeuntem
922 1841 991 1910 fata
1003 1841 1116 1912 mariti

332 1949 509 2038 Alcestim3
524 1965 576 2036 et,
592 1947 706 2018 similis
719 1949 747 2019 si
762 1951 966 2044 permutatio
980 1949 1090 2038 detur,

332 2061 445 2128 Morte
460 2059 524 2128 viri
539 2059 675 2153 cupiant
688 2058 832 2127 animam
847 2084 980 2129 servare
994 2059 1127 2130 catellae.

268 2169 270 2174 ’
334 2171 525 2240 Occurrent
539 2168 653 2238 multas
669 2168 730 2240 tibi
745 2167 877 2238 Belides
892 2184 993 2264 atque
1006 2168 1177 2266 Eriphylae
1345 2187 1393 2240 ott

331 2383 474 2459 predicat.
491 2385 540 2440 «A
557 2401 619 2452 rue,
635 2381 746 2457 inquit,
759 2400 904 2439 venenum
921 2382 1019 2440 liberis
1033 2384 1104 2441 meis
1121 2384 1323 2459 propinatum
1344 2383 1393 2440 de·

330 2476 503 2550 prehensum
516 2485 559 2532 est
572 2473 694 2544 crimen3
712 2484 824 2530 constat
835 2495 843 2544 ς
857 2492 951 2548 neque
962 2473 1022 2549 ipsa
1032 2475 1104 2532 illud
1116 2473 1220 2532 dubito
1230 2473 1372 2532 confiteri.
1380 2499 1393 2524 ι

331 2601 371 2612 -
392 2571 472 2626 Duos
490 2579 523 2624 tu
538 2565 627 2638 filios,
642 2567 766 2624 crudelis
780 2567 897 2642 vipera,
913 2586 970 2623 una
983 2586 1061 2624 ooena
1075 2568 1229 2625 sustulisti!
1244 2569 1290 2624 Tu
1306 2567 1392 2634 duos,

329 2660 466 2736 inquam?
481 2689 521 2702 -
536 2661 629 2715 Immo
640 2669 764 2733 septem,
782 2659 807 2714 si
820 2669 930 2733 septem
941 2677 976 2716 cx
991 2678 1037 2715 me
1051 2659 1110 2715 nati
1121 2671 1222 2716 essent
1241 2661 1307 2715 Jam
1323 2659 1393 2714 nibil

330 2763 373 2809 est
386 2763 444 2810 tarn
458 2750 645 2821 incredibile,
660 2769 677 2808 a
690 2750 805 2827 tragicis
818 2751 932 2808 vatibus
946 2751 983 2808 de
997 2751 1088 2808 ierom
1101 2751 1217 2820 Medea,
1230 2750 1267 2807 de
1279 2753 1393 2825 Progne

331 2855 489 2914 mutum,
503 2843 549 2900 cui
562 2840 649 2899 fidem
660 2861 715 2918 ego
727 2841 874 2917 abrogem.
891 2843 1031 2916 Equide-
1049 2861 1108 2900 non
1126 2841 1253 2899 diffiteor
1268 2843 1306 2898 ab
1317 2841 1393 2914 ejus-

329 2936 410 2993 modi
428 2935 541 2992 feminis
564 2936 596 2991 in
621 2935 763 2991 theatrum
783 2951 856 3007 saepe
876 2933 1041 3011 productis,
1060 2954 1121 2992 aero
1140 2954 1192 2992 suo
1212 2935 1290 2992 edita
1309 2934 1393 2992 tuisse

329 3039 524 3084 monstrorum
541 3025 683 3083 simillima
701 3026 824 3096 scelera;
845 3025 1031 3083 nibilominus
1052 3045 1086 3082 eo
1108 3026 1237 3085 adductae
1250 3045 1313 3084 non
1328 3037 1393 3084 sunt

328 3118 401 3176 lucri
422 3130 452 3176 et
469 3137 654 3177 nummorum
671 3137 767 3176 mussa
786 3138 793 3172 ε
814 3116 909 3174 minus
922 3119 1028 3178 habent
1043 3117 1239 3176 admirationis
1258 3119 1393 3176 immania

328 3211 467 3282 facinora,
481 3211 593 3287 quoties
602 3213 640 3268 ab
651 3211 692 3270 ira
703 3210 822 3286 percitis
833 3210 1000 3268 mulieribus
1013 3212 1222 3268 admittuntur:
1236 3212 1338 3270 furore
1348 3213 1391 3268 iu-

327 3320 411 3360 cenaa
422 3302 527 3360 mulier
539 3321 664 3378 praeceps
677 3302 806 3377 rapitur,
826 3302 888 3360 saxi
901 3303 977 3373 ritu,
999 3304 1079 3378 qnod
1094 3325 1110 3360 a
1125 3307 1229 3362 montis
1246 3305 1390 3362 cacumine

326 3395 429 3454 sensim
442 3395 603 3466 divulsum,
619 3405 647 3462 et
661 3395 713 3452 diu
732 3395 1050 3472 pendulum,'deuique
1064 3397 1246 3473 abrumpitur
1259 3410 1289 3456 et
1303 3399 1391 3456 deor-

327 3505 391 3544 sum
407 3488 508 3563 rapido
522 3489 632 3563 impetu
646 3506 699 3564 per
714 3489 811 3546 lateris
829 3490 934 3548 clivum
951 3492 1074 3566 proruit

366 3580 434 3637 651.
455 3583 537 3638 illam
556 3582 643 3658 longe
662 3582 860 3640 nocentiorem
878 3594 967 3657 poto,
992 3602 1054 3658 qua
1076 3582 1200 3640 rationes
1222 3582 1389 3658 perficiendi

326 3673 440 3730 sceleris
452 3673 586 3732 subducit
594 3691 705 3744 serum,
721 3684 750 3730 et
760 3673 888 3750 prudens
900 3675 1048 3750 sciensque
1059 3677 1164 3733 scelere
1179 3695 1210 3734 ee
1224 3677 1388 3754 obstringit.
1506 3675 1507 3693 ¹

327 3763 479 3834 Alcestim,
494 3783 558 3838 qnae
571 3776 695 3822 mortem
706 3765 790 3823 obire
806 3768 873 3824 loco
885 3767 982 3824 manti
992 3787 1051 3825 non
1062 3767 1219 3839 dubitavit,
1233 3768 1347 3843 placide
1359 3771 1389 3824 iu

326 3856 440 3913 theatro
454 3857 656 3929 considerant,
671 3877 704 3915 ac
722 3858 747 3914 si
765 3877 822 3933 qua
839 3878 869 3917 ec
883 3859 986 3916 offerat
998 3859 1108 3917 occasio
1124 3859 1222 3916 similis
1241 3873 1387 3934 permuta-

326 3948 427 4020 tionis,
441 3951 517 4007 mori
533 3951 629 4008 virum
644 3969 744 4020 suum,
763 3969 849 4025 quam
866 3953 995 4008 catellam
1008 3952 1146 4026 aliquam,
1160 3952 1269 4009 malint.
1286 3952 1386 4010 Ubiris

328 4039 437 4097 Relidm
452 4045 613 4118 complures
628 4055 657 4102 et
671 4043 821 4120 Eryphilas
839 4043 983 4119 reperies:
1001 4063 1075 4114 cras,
1094 4044 1118 4101 si
1135 4043 1232 4115 lubet,
1250 4063 1386 4119 percurre

327 4129 442 4188 vicatim
457 4135 561 4194 urbem
577 4136 670 4213 prima
688 4138 767 4207 luce,
791 4135 887 4194 nullus
907 4135 963 4194 erit
977 4134 1055 4194 vicus
1073 4135 1105 4192 in
1124 4155 1183 4212 qno
1202 4135 1300 4212 aliqua
1319 4137 1385 4212 Cly·
