<?xml version="1.0" encoding="UTF-8"?>
<!DOCTYPE html PUBLIC "-//W3C//DTD XHTML 1.0 Transitional//EN"
    "http://www.w3.org/TR/xhtml1/DTD/xhtml1-transitional.dtd">
<html xmlns="http://www.w3.org/1999/xhtml" xml:lang="en" lang="en">
 <head>
  <title>
</title>
<meta http-equiv="Content-Type" content="text/html;charset=utf-8" />
  <meta name='ocr-system' content='tesseract 3.04.00' />
  <meta name='ocr-capabilities' content='ocr_page ocr_carea ocr_par ocr_line ocrx_word'/>
</head>
<body>
  <div class='ocr_page' id='page_1' title='image "./sexdecimsatir01lemagoog_0366.png"; bbox 0 0 3056 4984; ppageno 0'>
   <div class='ocr_carea' id='block_1_1' title="bbox 477 425 1199 503">
    <p class='ocr_par' dir='ltr' id='par_1_1' title="bbox 477 425 1199 503">
     <span class='ocr_line' id='line_1_1' title="bbox 477 425 1199 503; baseline -0.007 -8"><span class='ocrx_word' id='word_1_1' title='bbox 477 429 664 496; x_wconf 84' lang='lat' dir='ltr'><strong>SATIRA</strong></span> <span class='ocrx_word' id='word_1_2' title='bbox 690 428 864 494; x_wconf 82' lang='lat' dir='ltr'><strong>SEXTA.</strong></span> <span class='ocrx_word' id='word_1_3' title='bbox 1138 425 1199 503; x_wconf 74' lang='lat'><strong>345</strong></span> 
     </span>
    </p>
   </div>
   <div class='ocr_carea' id='block_1_2' title="bbox 133 542 1201 1079">
    <p class='ocr_par' dir='ltr' id='par_1_2' title="bbox 136 542 993 639">
     <span class='ocr_line' id='line_1_2' title="bbox 136 542 993 639; baseline 0.001 -29"><span class='ocrx_word' id='word_1_4' title='bbox 136 543 248 636; x_wconf 82' lang='lat' dir='ltr'>Digna</span> <span class='ocrx_word' id='word_1_5' title='bbox 264 542 346 612; x_wconf 82' lang='lat' dir='ltr'><strong>tuo?</strong></span> <span class='ocrx_word' id='word_1_6' title='bbox 361 545 476 614; x_wconf 90' lang='lat' dir='ltr'><strong>cuneis</strong></span> <span class='ocrx_word' id='word_1_7' title='bbox 492 567 535 612; x_wconf 90' lang='lat' dir='ltr'><strong>an</strong></span> <span class='ocrx_word' id='word_1_8' title='bbox 551 545 678 613; x_wconf 88' lang='lat' dir='ltr'><strong>habent</strong></span> <span class='ocrx_word' id='word_1_9' title='bbox 693 543 883 639; x_wconf 89' lang='lat' dir='ltr'><strong>spectacula</strong></span> <span class='ocrx_word' id='word_1_10' title='bbox 898 543 993 628; x_wconf 87' lang='lat' dir='ltr'><strong>totis,</strong></span> 
     </span>
    </p>

    <p class='ocr_par' dir='ltr' id='par_1_3' title="bbox 133 650 1130 857">
     <span class='ocr_line' id='line_1_3' title="bbox 133 650 1130 748; baseline -0.001 -28"><span class='ocrx_word' id='word_1_11' title='bbox 133 652 237 739; x_wconf 90' lang='lat' dir='ltr'><strong>Quod</strong></span> <span class='ocrx_word' id='word_1_12' title='bbox 257 678 394 722; x_wconf 90' lang='lat' dir='ltr'><strong>securus</strong></span> <span class='ocrx_word' id='word_1_13' title='bbox 410 675 517 739; x_wconf 90' lang='lat' dir='ltr'><strong>ames,</strong></span> <span class='ocrx_word' id='word_1_14' title='bbox 535 654 693 748; x_wconf 86' lang='lat' dir='ltr'><strong>quodque</strong></span> <span class='ocrx_word' id='word_1_15' title='bbox 711 653 790 722; x_wconf 92' lang='lat' dir='ltr'><strong>inde</strong></span> <span class='ocrx_word' id='word_1_16' title='bbox 808 674 987 747; x_wconf 82' lang='lat' dir='ltr'><strong>excerpere</strong></span> <span class='ocrx_word' id='word_1_17' title='bbox 1004 650 1130 745; x_wconf 83' lang='lat' dir='ltr'><strong>possis?</strong></span> 
     </span>
     <span class='ocr_line' id='line_1_4' title="bbox 134 763 968 857; baseline -0.005 -23"><span class='ocrx_word' id='word_1_18' title='bbox 134 765 371 834; x_wconf 74' lang='lat' dir='ltr'><strong>chironomon</strong></span> <span class='ocrx_word' id='word_1_19' title='bbox 387 765 514 834; x_wconf 81' lang='lat' dir='ltr'><strong>Ledam</strong></span> <span class='ocrx_word' id='word_1_20' title='bbox 531 765 623 834; x_wconf 93' lang='lat' dir='ltr'><strong>molli</strong></span> <span class='ocrx_word' id='word_1_21' title='bbox 640 765 779 833; x_wconf 82' lang='lat' dir='ltr'><strong>saltante</strong></span> <span class='ocrx_word' id='word_1_22' title='bbox 796 763 968 857; x_wconf 85' lang='lat' dir='ltr'><strong>Bathyllo,</strong></span> 
     </span>
    </p>

    <p class='ocr_par' dir='ltr' id='par_1_4' title="bbox 133 874 957 970">
     <span class='ocr_line' id='line_1_5' title="bbox 133 874 957 970; baseline -0.001 -28"><span class='ocrx_word' id='word_1_23' title='bbox 133 875 260 943; x_wconf 88' lang='lat' dir='ltr'><strong>Tuccia</strong></span> <span class='ocrx_word' id='word_1_24' title='bbox 275 875 395 944; x_wconf 77' lang='lat' dir='ltr'><strong>vesicae</strong></span> <span class='ocrx_word' id='word_1_25' title='bbox 410 899 479 944; x_wconf 93' lang='lat' dir='ltr'><strong>non</strong></span> <span class='ocrx_word' id='word_1_26' title='bbox 498 876 657 970; x_wconf 87' lang='lat' dir='ltr'><strong>imperat;</strong></span> <span class='ocrx_word' id='word_1_27' title='bbox 673 874 807 969; x_wconf 84' lang='lat' dir='ltr'>Appula</span> <span class='ocrx_word' id='word_1_28' title='bbox 823 875 957 970; x_wconf 80' lang='lat' dir='ltr'>gannit,</span> 
     </span>
    </p>

    <p class='ocr_par' dir='ltr' id='par_1_5' title="bbox 134 983 1201 1079">
     <span class='ocr_line' id='line_1_6' title="bbox 134 983 1201 1079; baseline -0.001 -29"><span class='ocrx_word' id='word_1_29' title='bbox 134 983 227 1052; x_wconf 90' lang='lat' dir='ltr'>Sicut</span> <span class='ocrx_word' id='word_1_30' title='bbox 246 985 281 1053; x_wconf 93' lang='lat' dir='ltr'><strong>in</strong></span> <span class='ocrx_word' id='word_1_31' title='bbox 297 983 470 1079; x_wconf 88' lang='lat' dir='ltr'><strong>amplexu,</strong></span> <span class='ocrx_word' id='word_1_32' title='bbox 487 985 634 1054; x_wconf 92' lang='lat' dir='ltr'><strong>subitum</strong></span> <span class='ocrx_word' id='word_1_33' title='bbox 652 999 685 1053; x_wconf 90' lang='lat' dir='ltr'><strong>et</strong></span> <span class='ocrx_word' id='word_1_34' title='bbox 700 984 888 1054; x_wconf 83' lang='lat' dir='ltr'><strong>miserabile</strong></span> <span class='ocrx_word' id='word_1_35' title='bbox 906 1009 913 1051; x_wconf 92' lang='lat'><strong>:</strong></span> <span class='ocrx_word' id='word_1_36' title='bbox 931 983 1069 1078; x_wconf 92' lang='lat' dir='ltr'><strong>longum</strong></span> <span class='ocrx_word' id='word_1_37' title='bbox 1169 996 1201 1050; x_wconf 85' lang='lat'><strong>65</strong></span> 
     </span>
    </p>
   </div>
   <div class='ocr_carea' id='block_1_3' title="bbox 123 1095 1206 1956">
    <p class='ocr_par' dir='ltr' id='par_1_6' title="bbox 134 1095 1029 1192">
     <span class='ocr_line' id='line_1_7' title="bbox 134 1095 1029 1192; baseline -0.001 -27"><span class='ocrx_word' id='word_1_38' title='bbox 134 1097 289 1165; x_wconf 88' lang='lat' dir='ltr'><strong>Attendit</strong></span> <span class='ocrx_word' id='word_1_39' title='bbox 304 1097 487 1191; x_wconf 84' lang='lat' dir='ltr'><strong>Thymele3</strong></span> <span class='ocrx_word' id='word_1_40' title='bbox 504 1097 665 1192; x_wconf 89' lang='lat' dir='ltr'><strong>Thymele</strong></span> <span class='ocrx_word' id='word_1_41' title='bbox 683 1113 764 1166; x_wconf 91' lang='lat' dir='ltr'><strong>tunc</strong></span> <span class='ocrx_word' id='word_1_42' title='bbox 781 1097 907 1165; x_wconf 90' lang='lat' dir='ltr'><strong>rustica</strong></span> <span class='ocrx_word' id='word_1_43' title='bbox 922 1095 1029 1166; x_wconf 88' lang='lat' dir='ltr'><strong>discit.</strong></span> 
     </span>
    </p>

    <p class='ocr_par' dir='ltr' id='par_1_7' title="bbox 135 1205 925 1300">
     <span class='ocr_line' id='line_1_8' title="bbox 135 1205 925 1300; baseline -0.003 -26"><span class='ocrx_word' id='word_1_44' title='bbox 135 1207 195 1274; x_wconf 90' lang='lat' dir='ltr'><strong>Ast</strong></span> <span class='ocrx_word' id='word_1_45' title='bbox 210 1205 302 1291; x_wconf 75' lang='lat' dir='ltr'><strong>aliae,</strong></span> <span class='ocrx_word' id='word_1_46' title='bbox 319 1207 450 1300; x_wconf 86' lang='lat' dir='ltr'><strong>quoties</strong></span> <span class='ocrx_word' id='word_1_47' title='bbox 467 1206 570 1276; x_wconf 88' lang='lat' dir='ltr'><strong>aulaea</strong></span> <span class='ocrx_word' id='word_1_48' title='bbox 585 1207 759 1276; x_wconf 91' lang='lat' dir='ltr'><strong>recondita</strong></span> <span class='ocrx_word' id='word_1_49' title='bbox 776 1220 925 1290; x_wconf 89' lang='lat' dir='ltr'><strong>cessant,</strong></span> 
     </span>
    </p>

    <p class='ocr_par' dir='ltr' id='par_1_8' title="bbox 136 1315 973 1410">
     <span class='ocr_line' id='line_1_9' title="bbox 136 1315 973 1410; baseline -0.002 -26"><span class='ocrx_word' id='word_1_50' title='bbox 136 1319 178 1384; x_wconf 90' lang='lat' dir='ltr'><strong>Et</strong></span> <span class='ocrx_word' id='word_1_51' title='bbox 194 1341 302 1386; x_wconf 90' lang='lat' dir='ltr'><strong>vacuo</strong></span> <span class='ocrx_word' id='word_1_52' title='bbox 319 1315 498 1410; x_wconf 91' lang='lat' dir='ltr'><strong>clausoque</strong></span> <span class='ocrx_word' id='word_1_53' title='bbox 514 1332 635 1385; x_wconf 92' lang='lat' dir='ltr'><strong>sonant</strong></span> <span class='ocrx_word' id='word_1_54' title='bbox 650 1315 725 1385; x_wconf 87' lang='lat' dir='ltr'><strong>lora</strong></span> <span class='ocrx_word' id='word_1_55' title='bbox 740 1315 810 1384; x_wconf 93' lang='lat' dir='ltr'><strong>sola</strong></span> <span class='ocrx_word' id='word_1_56' title='bbox 825 1315 973 1399; x_wconf 90' lang='lat' dir='ltr'><strong>theatro,</strong></span> 
     </span>
    </p>

    <p class='ocr_par' dir='ltr' id='par_1_9' title="bbox 137 1423 896 1519">
     <span class='ocr_line' id='line_1_10' title="bbox 137 1423 896 1519; baseline -0.001 -29"><span class='ocrx_word' id='word_1_57' title='bbox 137 1425 247 1517; x_wconf 81' lang='lat' dir='ltr'><strong>Atque</strong></span> <span class='ocrx_word' id='word_1_58' title='bbox 263 1449 283 1491; x_wconf 94' lang='lat' dir='ltr'><strong>a</strong></span> <span class='ocrx_word' id='word_1_59' title='bbox 299 1423 436 1519; x_wconf 93' lang='lat' dir='ltr'><strong>plebeiis</strong></span> <span class='ocrx_word' id='word_1_60' title='bbox 454 1424 552 1518; x_wconf 92' lang='lat' dir='ltr'><strong>longe</strong></span> <span class='ocrx_word' id='word_1_61' title='bbox 569 1423 767 1518; x_wconf 85' lang='lat' dir='ltr'><strong>Megalesia,</strong></span> <span class='ocrx_word' id='word_1_62' title='bbox 785 1423 896 1491; x_wconf 86' lang='lat' dir='ltr'><strong>tristes</strong></span> 
     </span>
    </p>

    <p class='ocr_par' dir='ltr' id='par_1_10' title="bbox 137 1528 1206 1713">
     <span class='ocr_line' id='line_1_11' title="bbox 138 1528 1206 1630; baseline -0.006 -30"><span class='ocrx_word' id='word_1_63' title='bbox 138 1535 320 1602; x_wconf 89' lang='lat' dir='ltr'><strong>Personam</strong></span> <span class='ocrx_word' id='word_1_64' title='bbox 340 1535 559 1630; x_wconf 88' lang='lat' dir='ltr'><strong>thyrsumque</strong></span> <span class='ocrx_word' id='word_1_65' title='bbox 580 1549 716 1618; x_wconf 88' lang='lat' dir='ltr'><strong>tenent,</strong></span> <span class='ocrx_word' id='word_1_66' title='bbox 735 1547 769 1601; x_wconf 91' lang='lat' dir='ltr'><strong>et</strong></span> <span class='ocrx_word' id='word_1_67' title='bbox 784 1531 930 1624; x_wconf 90' lang='lat' dir='ltr'><strong>subligar</strong></span> <span class='ocrx_word' id='word_1_68' title='bbox 946 1528 1035 1600; x_wconf 91' lang='lat' dir='ltr'><strong>Acci.</strong></span> <span class='ocrx_word' id='word_1_69' title='bbox 1172 1561 1206 1611; x_wconf 88' lang='lat'><strong>7⁰</strong></span> 
     </span>
     <span class='ocr_line' id='line_1_12' title="bbox 137 1641 849 1713; baseline 0 -3"><span class='ocrx_word' id='word_1_70' title='bbox 137 1643 283 1713; x_wconf 90' lang='lat' dir='ltr'><strong>Urbicus</strong></span> <span class='ocrx_word' id='word_1_71' title='bbox 300 1645 420 1712; x_wconf 85' lang='lat' dir='ltr'><strong>exodio</strong></span> <span class='ocrx_word' id='word_1_72' title='bbox 438 1645 540 1712; x_wconf 92' lang='lat' dir='ltr'><strong>risum</strong></span> <span class='ocrx_word' id='word_1_73' title='bbox 557 1658 672 1711; x_wconf 90' lang='lat' dir='ltr'><strong>movet</strong></span> <span class='ocrx_word' id='word_1_74' title='bbox 687 1641 849 1711; x_wconf 73' lang='lat' dir='ltr'><strong>atellana</strong></span> 
     </span>
    </p>

    <p class='ocr_par' dir='ltr' id='par_1_11' title="bbox 123 1745 1046 1956">
     <span class='ocr_line' id='line_1_13' title="bbox 139 1745 1046 1846; baseline -0.004 -27"><span class='ocrx_word' id='word_1_75' title='bbox 139 1752 299 1822; x_wconf 90' lang='lat' dir='ltr'><strong>Gestibus</strong></span> <span class='ocrx_word' id='word_1_76' title='bbox 315 1755 487 1823; x_wconf 86' lang='lat' dir='ltr'><strong>Autonoes</strong></span> <span class='ocrx_word' id='word_1_77' title='bbox 502 1778 510 1821; x_wconf 94' lang='lat'><strong>:</strong></span> <span class='ocrx_word' id='word_1_78' title='bbox 525 1752 617 1822; x_wconf 91' lang='lat' dir='ltr'><strong>hunc</strong></span> <span class='ocrx_word' id='word_1_79' title='bbox 635 1745 743 1846; x_wconf 82' lang='lat' dir='ltr'><strong>diligit</strong></span> <span class='ocrx_word' id='word_1_80' title='bbox 758 1751 845 1820; x_wconf 85' lang='lat' dir='ltr'><strong>AElia</strong></span> <span class='ocrx_word' id='word_1_81' title='bbox 861 1773 999 1845; x_wconf 86' lang='lat' dir='ltr'><strong>pauper.</strong></span> <span class='ocrx_word' id='word_1_82' title='bbox 1042 1773 1046 1784; x_wconf 85' lang='lat'><strong>·</strong></span> 
     </span>
     <span class='ocr_line' id='line_1_14' title="bbox 123 1860 1011 1956; baseline -0.002 -26"><span class='ocrx_word' id='word_1_83' title='bbox 123 1862 288 1953; x_wconf 18' lang='lat' dir='ltr'><strong>&#39;Solvitur</strong></span> <span class='ocrx_word' id='word_1_84' title='bbox 304 1862 358 1930; x_wconf 94' lang='lat' dir='ltr'><strong>his</strong></span> <span class='ocrx_word' id='word_1_85' title='bbox 376 1886 499 1956; x_wconf 92' lang='lat' dir='ltr'><strong>magno</strong></span> <span class='ocrx_word' id='word_1_86' title='bbox 517 1860 661 1931; x_wconf 92' lang='lat' dir='ltr'><strong>comoedi</strong></span> <span class='ocrx_word' id='word_1_87' title='bbox 678 1860 781 1930; x_wconf 91' lang='lat' dir='ltr'><strong>fibula</strong></span> <span class='ocrx_word' id='word_1_88' title='bbox 798 1886 805 1927; x_wconf 94' lang='lat'><strong>:</strong></span> <span class='ocrx_word' id='word_1_89' title='bbox 824 1873 920 1943; x_wconf 92' lang='lat' dir='ltr'><strong>sunt,</strong></span> <span class='ocrx_word' id='word_1_90' title='bbox 936 1883 1011 1951; x_wconf 76' lang='lat' dir='ltr'><strong>quae</strong></span> 
     </span>
    </p>
   </div>
   <div class='ocr_carea' id='block_1_4' title="bbox 137 2046 1211 3135">
    <p class='ocr_par' dir='ltr' id='par_1_12' title="bbox 137 2046 1211 3135">
     <span class='ocr_line' id='line_1_15' title="bbox 139 2046 1209 2120; baseline -0.005 -16"><span class='ocrx_word' id='word_1_91' title='bbox 139 2047 192 2104; x_wconf 87' lang='lat' dir='ltr'><strong>dus</strong></span> <span class='ocrx_word' id='word_1_92' title='bbox 207 2059 237 2103; x_wconf 90' lang='lat' dir='ltr'><strong>et</strong></span> <span class='ocrx_word' id='word_1_93' title='bbox 251 2067 357 2104; x_wconf 90' lang='lat' dir='ltr'><strong>cuneos</strong></span> <span class='ocrx_word' id='word_1_94' title='bbox 373 2049 523 2104; x_wconf 87' lang='lat' dir='ltr'><strong>continent</strong></span> <span class='ocrx_word' id='word_1_95' title='bbox 536 2049 623 2104; x_wconf 88' lang='lat' dir='ltr'><strong>ullam</strong></span> <span class='ocrx_word' id='word_1_96' title='bbox 639 2046 790 2116; x_wconf 83' lang='lat' dir='ltr'><strong>feminam,</strong></span> <span class='ocrx_word' id='word_1_97' title='bbox 807 2065 893 2120; x_wconf 87' lang='lat' dir='ltr'><strong>quam</strong></span> <span class='ocrx_word' id='word_1_98' title='bbox 913 2063 1030 2116; x_wconf 85' lang='lat' dir='ltr'><strong>securus</strong></span> <span class='ocrx_word' id='word_1_99' title='bbox 1049 2063 1159 2114; x_wconf 88' lang='lat' dir='ltr'><strong>amare,</strong></span> <span class='ocrx_word' id='word_1_100' title='bbox 1180 2054 1209 2100; x_wconf 90' lang='lat' dir='ltr'><strong>et</strong></span> 
     </span>
     <span class='ocr_line' id='line_1_16' title="bbox 137 2138 1210 2217; baseline -0.002 -21"><span class='ocrx_word' id='word_1_101' title='bbox 137 2141 203 2198; x_wconf 88' lang='lat' dir='ltr'><strong>inde</strong></span> <span class='ocrx_word' id='word_1_102' title='bbox 224 2153 388 2216; x_wconf 83' lang='lat' dir='ltr'><strong>excerptam</strong></span> <span class='ocrx_word' id='word_1_103' title='bbox 405 2152 500 2198; x_wconf 87' lang='lat' dir='ltr'><strong>tecum</strong></span> <span class='ocrx_word' id='word_1_104' title='bbox 517 2141 639 2217; x_wconf 87' lang='lat' dir='ltr'><strong>jungere</strong></span> <span class='ocrx_word' id='word_1_105' title='bbox 654 2139 761 2215; x_wconf 81' lang='lat' dir='ltr'><strong>queas?</strong></span> <span class='ocrx_word' id='word_1_106' title='bbox 776 2139 880 2214; x_wconf 84' lang='lat' dir='ltr'><strong>Aspice</strong></span> <span class='ocrx_word' id='word_1_107' title='bbox 895 2139 1073 2214; x_wconf 87' lang='lat' dir='ltr'><strong>Bathyllum‚</strong></span> <span class='ocrx_word' id='word_1_108' title='bbox 1092 2138 1210 2202; x_wconf 86' lang='lat' dir='ltr'><strong>mollem</strong></span> 
     </span>
     <span class='ocr_line' id='line_1_17' title="bbox 139 2231 1209 2310; baseline -0.003 -21"><span class='ocrx_word' id='word_1_109' title='bbox 139 2233 344 2310; x_wconf 86' lang='lat' dir='ltr'><strong>egregiumque</strong></span> <span class='ocrx_word' id='word_1_110' title='bbox 355 2233 600 2309; x_wconf 79' lang='lat' dir='ltr'><strong>gesticulatorem,</strong></span> <span class='ocrx_word' id='word_1_111' title='bbox 614 2251 704 2307; x_wconf 88' lang='lat' dir='ltr'><strong>quum</strong></span> <span class='ocrx_word' id='word_1_112' title='bbox 717 2232 935 2288; x_wconf 87' lang='lat' dir='ltr'><strong>Cheironomon</strong></span> <span class='ocrx_word' id='word_1_113' title='bbox 946 2231 1053 2287; x_wconf 88' lang='lat' dir='ltr'><strong>Ledam</strong></span> <span class='ocrx_word' id='word_1_114' title='bbox 1065 2231 1209 2298; x_wconf 80' lang='lat' dir='ltr'><strong>saltando,</strong></span> 
     </span>
     <span class='ocr_line' id='line_1_18' title="bbox 138 2321 1210 2399; baseline -0.003 -18"><span class='ocrx_word' id='word_1_115' title='bbox 138 2325 269 2399; x_wconf 91' lang='lat' dir='ltr'><strong>corporis</strong></span> <span class='ocrx_word' id='word_1_116' title='bbox 283 2335 312 2381; x_wconf 91' lang='lat' dir='ltr'><strong>et</strong></span> <span class='ocrx_word' id='word_1_117' title='bbox 327 2344 465 2381; x_wconf 87' lang='lat' dir='ltr'><strong>manuum</strong></span> <span class='ocrx_word' id='word_1_118' title='bbox 479 2323 599 2379; x_wconf 89' lang='lat' dir='ltr'><strong>eruditis</strong></span> <span class='ocrx_word' id='word_1_119' title='bbox 616 2322 743 2378; x_wconf 89' lang='lat' dir='ltr'><strong>motibus</strong></span> <span class='ocrx_word' id='word_1_120' title='bbox 757 2322 894 2397; x_wconf 83' lang='lat' dir='ltr'><strong>exprimit</strong></span> <span class='ocrx_word' id='word_1_121' title='bbox 912 2322 1027 2378; x_wconf 87' lang='lat' dir='ltr'><strong>delicias</strong></span> <span class='ocrx_word' id='word_1_122' title='bbox 1045 2322 1129 2378; x_wconf 87' lang='lat' dir='ltr'><strong>Ledae</strong></span> <span class='ocrx_word' id='word_1_123' title='bbox 1143 2321 1210 2378; x_wconf 77' lang='lat' dir='ltr'><strong>Jovi</strong></span> 
     </span>
     <span class='ocr_line' id='line_1_19' title="bbox 138 2413 1210 2488; baseline -0.004 -16"><span class='ocrx_word' id='word_1_124' title='bbox 138 2416 324 2484; x_wconf 85' lang='lat' dir='ltr'><strong>blandientis,</strong></span> <span class='ocrx_word' id='word_1_125' title='bbox 342 2427 411 2473; x_wconf 89' lang='lat' dir='ltr'><strong>tunc</strong></span> <span class='ocrx_word' id='word_1_126' title='bbox 424 2433 523 2473; x_wconf 91' lang='lat' dir='ltr'><strong>omues</strong></span> <span class='ocrx_word' id='word_1_127' title='bbox 536 2413 718 2488; x_wconf 82' lang='lat' dir='ltr'><strong>spectatrices</strong></span> <span class='ocrx_word' id='word_1_128' title='bbox 728 2413 801 2470; x_wconf 87' lang='lat' dir='ltr'><strong>adeo</strong></span> <span class='ocrx_word' id='word_1_129' title='bbox 816 2413 936 2470; x_wconf 87' lang='lat' dir='ltr'><strong>Veneris</strong></span> <span class='ocrx_word' id='word_1_130' title='bbox 948 2413 1124 2488; x_wconf 87' lang='lat' dir='ltr'><strong>impatientia</strong></span> <span class='ocrx_word' id='word_1_131' title='bbox 1139 2433 1210 2488; x_wconf 90' lang='lat' dir='ltr'><strong>pru-</strong></span> 
     </span>
     <span class='ocr_line' id='line_1_20' title="bbox 141 2505 1210 2584; baseline -0.002 -21"><span class='ocrx_word' id='word_1_132' title='bbox 141 2509 233 2577; x_wconf 84' lang='lat' dir='ltr'><strong>riunt,</strong></span> <span class='ocrx_word' id='word_1_133' title='bbox 253 2518 288 2564; x_wconf 90' lang='lat' dir='ltr'><strong>ut</strong></span> <span class='ocrx_word' id='word_1_134' title='bbox 309 2507 414 2564; x_wconf 88' lang='lat' dir='ltr'><strong>Tuccia</strong></span> <span class='ocrx_word' id='word_1_135' title='bbox 434 2505 588 2584; x_wconf 77' lang='lat' dir='ltr'><strong>(Vestalis)</strong></span> <span class='ocrx_word' id='word_1_136' title='bbox 611 2525 672 2561; x_wconf 92' lang='lat' dir='ltr'><strong>non</strong></span> <span class='ocrx_word' id='word_1_137' title='bbox 693 2505 815 2580; x_wconf 88' lang='lat' dir='ltr'><strong>imperet</strong></span> <span class='ocrx_word' id='word_1_138' title='bbox 833 2505 948 2561; x_wconf 90' lang='lat' dir='ltr'><strong>libidini</strong></span> <span class='ocrx_word' id='word_1_139' title='bbox 965 2525 1022 2562; x_wconf 77' lang='lat' dir='ltr'><strong>sua</strong></span> <span class='ocrx_word' id='word_1_140' title='bbox 1043 2505 1210 2562; x_wconf 89' lang='lat' dir='ltr'><strong>interiorem</strong></span> 
     </span>
     <span class='ocr_line' id='line_1_21' title="bbox 140 2597 1211 2677; baseline 0 -21"><span class='ocrx_word' id='word_1_141' title='bbox 140 2611 253 2657; x_wconf 88' lang='lat' dir='ltr'><strong>uterum</strong></span> <span class='ocrx_word' id='word_1_142' title='bbox 275 2599 458 2669; x_wconf 89' lang='lat' dir='ltr'><strong>incendenti;</strong></span> <span class='ocrx_word' id='word_1_143' title='bbox 478 2611 512 2656; x_wconf 92' lang='lat' dir='ltr'><strong>ut</strong></span> <span class='ocrx_word' id='word_1_144' title='bbox 529 2603 642 2674; x_wconf 83' lang='lat' dir='ltr'><strong>Appula</strong></span> <span class='ocrx_word' id='word_1_145' title='bbox 662 2597 830 2677; x_wconf 80' lang='lat' dir='ltr'><strong>(matrona)</strong></span> <span class='ocrx_word' id='word_1_146' title='bbox 851 2599 911 2656; x_wconf 89' lang='lat' dir='ltr'><strong>sine</strong></span> <span class='ocrx_word' id='word_1_147' title='bbox 927 2600 1040 2675; x_wconf 90' lang='lat' dir='ltr'><strong>pudore</strong></span> <span class='ocrx_word' id='word_1_148' title='bbox 1056 2601 1165 2656; x_wconf 91' lang='lat' dir='ltr'><strong>subitos</strong></span> <span class='ocrx_word' id='word_1_149' title='bbox 1182 2611 1211 2656; x_wconf 88' lang='lat' dir='ltr'><strong>et</strong></span> 
     </span>
     <span class='ocr_line' id='line_1_22' title="bbox 140 2691 1208 2769; baseline 0 -21"><span class='ocrx_word' id='word_1_150' title='bbox 140 2693 315 2750; x_wconf 86' lang='lat' dir='ltr'><strong>miserabiles</strong></span> <span class='ocrx_word' id='word_1_151' title='bbox 328 2693 462 2769; x_wconf 79' lang='lat' dir='ltr'><strong>gannitus</strong></span> <span class='ocrx_word' id='word_1_152' title='bbox 477 2691 603 2762; x_wconf 87' lang='lat' dir='ltr'><strong>emittat,</strong></span> <span class='ocrx_word' id='word_1_153' title='bbox 622 2703 758 2766; x_wconf 86' lang='lat' dir='ltr'><strong>tanquam</strong></span> <span class='ocrx_word' id='word_1_154' title='bbox 773 2691 820 2748; x_wconf 83' lang='lat' dir='ltr'><strong>vir</strong></span> <span class='ocrx_word' id='word_1_155' title='bbox 838 2711 899 2749; x_wconf 90' lang='lat' dir='ltr'><strong>eam</strong></span> <span class='ocrx_word' id='word_1_156' title='bbox 917 2695 1084 2768; x_wconf 88' lang='lat' dir='ltr'><strong>complexus</strong></span> <span class='ocrx_word' id='word_1_157' title='bbox 1095 2693 1208 2763; x_wconf 88' lang='lat' dir='ltr'><strong>inierit;</strong></span> 
     </span>
     <span class='ocr_line' id='line_1_23' title="bbox 141 2781 1210 2862; baseline 0.002 -23"><span class='ocrx_word' id='word_1_158' title='bbox 141 2795 173 2839; x_wconf 90' lang='lat' dir='ltr'><strong>ut</strong></span> <span class='ocrx_word' id='word_1_159' title='bbox 181 2785 321 2859; x_wconf 77' lang='lat' dir='ltr'><strong>Thymele</strong></span> <span class='ocrx_word' id='word_1_160' title='bbox 331 2781 478 2862; x_wconf 87' lang='lat' dir='ltr'><strong>(rustica),</strong></span> <span class='ocrx_word' id='word_1_161' title='bbox 486 2803 549 2858; x_wconf 82' lang='lat' dir='ltr'><strong>quae</strong></span> <span class='ocrx_word' id='word_1_162' title='bbox 558 2783 638 2840; x_wconf 90' lang='lat' dir='ltr'><strong>rudis</strong></span> <span class='ocrx_word' id='word_1_163' title='bbox 647 2795 676 2840; x_wconf 87' lang='lat' dir='ltr'><strong>et</strong></span> <span class='ocrx_word' id='word_1_164' title='bbox 684 2783 823 2841; x_wconf 89' lang='lat' dir='ltr'><strong>innocens</strong></span> <span class='ocrx_word' id='word_1_165' title='bbox 830 2786 975 2842; x_wconf 89' lang='lat' dir='ltr'><strong>theatrum</strong></span> <span class='ocrx_word' id='word_1_166' title='bbox 983 2785 1122 2860; x_wconf 84' lang='lat' dir='ltr'><strong>ingressa,</strong></span> <span class='ocrx_word' id='word_1_167' title='bbox 1132 2795 1210 2860; x_wconf 90' lang='lat' dir='ltr'><strong>post-</strong></span> 
     </span>
     <span class='ocr_line' id='line_1_24' title="bbox 141 2873 1208 2952; baseline 0.003 -22"><span class='ocrx_word' id='word_1_168' title='bbox 141 2894 224 2949; x_wconf 86' lang='lat' dir='ltr'><strong>quam</strong></span> <span class='ocrx_word' id='word_1_169' title='bbox 233 2873 299 2930; x_wconf 86' lang='lat' dir='ltr'><strong>fixis</strong></span> <span class='ocrx_word' id='word_1_170' title='bbox 307 2875 397 2932; x_wconf 89' lang='lat' dir='ltr'><strong>oculis</strong></span> <span class='ocrx_word' id='word_1_171' title='bbox 407 2887 436 2932; x_wconf 89' lang='lat' dir='ltr'><strong>et</strong></span> <span class='ocrx_word' id='word_1_172' title='bbox 444 2885 503 2931; x_wconf 91' lang='lat' dir='ltr'><strong>tota</strong></span> <span class='ocrx_word' id='word_1_173' title='bbox 511 2885 607 2931; x_wconf 90' lang='lat' dir='ltr'><strong>mente</strong></span> <span class='ocrx_word' id='word_1_174' title='bbox 615 2875 666 2932; x_wconf 89' lang='lat' dir='ltr'><strong>diu</strong></span> <span class='ocrx_word' id='word_1_175' title='bbox 675 2876 705 2932; x_wconf 92' lang='lat' dir='ltr'><strong>in</strong></span> <span class='ocrx_word' id='word_1_176' title='bbox 714 2876 936 2952; x_wconf 86' lang='lat' dir='ltr'><strong>contemplando</strong></span> <span class='ocrx_word' id='word_1_177' title='bbox 944 2877 1075 2952; x_wconf 87' lang='lat' dir='ltr'><strong>Bathyllo</strong></span> <span class='ocrx_word' id='word_1_178' title='bbox 1083 2877 1208 2950; x_wconf 75' lang='lat' dir='ltr'><strong>haeserit,</strong></span> 
     </span>
     <span class='ocr_line' id='line_1_25' title="bbox 141 2967 1208 3044; baseline 0.003 -22"><span class='ocrx_word' id='word_1_179' title='bbox 141 2967 213 3025; x_wconf 88' lang='lat' dir='ltr'><strong>illius</strong></span> <span class='ocrx_word' id='word_1_180' title='bbox 226 2968 363 3036; x_wconf 81' lang='lat' dir='ltr'><strong>allectus,</strong></span> <span class='ocrx_word' id='word_1_181' title='bbox 380 2979 470 3026; x_wconf 88' lang='lat' dir='ltr'><strong>artem</strong></span> <span class='ocrx_word' id='word_1_182' title='bbox 481 2979 634 3044; x_wconf 83' lang='lat' dir='ltr'><strong>gestusque</strong></span> <span class='ocrx_word' id='word_1_183' title='bbox 644 2967 739 3024; x_wconf 87' lang='lat' dir='ltr'><strong>statim</strong></span> <span class='ocrx_word' id='word_1_184' title='bbox 753 2969 965 3042; x_wconf 87' lang='lat' dir='ltr'><strong>corrumpenda</strong></span> <span class='ocrx_word' id='word_1_185' title='bbox 976 2970 1126 3044; x_wconf 87' lang='lat' dir='ltr'><strong>perdiscat.</strong></span> <span class='ocrx_word' id='word_1_186' title='bbox 1147 2973 1208 3025; x_wconf 88' lang='lat' dir='ltr'><strong>Ve-</strong></span> 
     </span>
     <span class='ocr_line' id='line_1_26' title="bbox 141 3059 1209 3135; baseline 0.002 -19"><span class='ocrx_word' id='word_1_187' title='bbox 141 3079 202 3116; x_wconf 89' lang='lat' dir='ltr'><strong>mm</strong></span> <span class='ocrx_word' id='word_1_188' title='bbox 209 3060 273 3116; x_wconf 82' lang='lat' dir='ltr'><strong>aliae</strong></span> <span class='ocrx_word' id='word_1_189' title='bbox 280 3059 426 3128; x_wconf 87' lang='lat' dir='ltr'><strong>mulieres,</strong></span> <span class='ocrx_word' id='word_1_190' title='bbox 436 3060 548 3135; x_wconf 89' lang='lat' dir='ltr'><strong>quoties</strong></span> <span class='ocrx_word' id='word_1_191' title='bbox 555 3061 651 3116; x_wconf 85' lang='lat' dir='ltr'><strong>clauso</strong></span> <span class='ocrx_word' id='word_1_192' title='bbox 660 3071 786 3117; x_wconf 83' lang='lat' dir='ltr'><strong>etvaeuo</strong></span> <span class='ocrx_word' id='word_1_193' title='bbox 793 3061 907 3117; x_wconf 88' lang='lat' dir='ltr'><strong>theatro</strong></span> <span class='ocrx_word' id='word_1_194' title='bbox 916 3073 1024 3117; x_wconf 87' lang='lat' dir='ltr'><strong>remota</strong></span> <span class='ocrx_word' id='word_1_195' title='bbox 1035 3063 1138 3118; x_wconf 90' lang='lat' dir='ltr'><strong>absunt</strong></span> <span class='ocrx_word' id='word_1_196' title='bbox 1145 3064 1209 3119; x_wconf 86' lang='lat' dir='ltr'><strong>vela</strong></span> 
     </span>
    </p>
   </div>
   <div class='ocr_carea' id='block_1_5' title="bbox 141 3150 1322 3227">
    <p class='ocr_par' dir='ltr' id='par_1_13' title="bbox 141 3150 1322 3227">
     <span class='ocr_line' id='line_1_27' title="bbox 141 3150 1322 3227; baseline 0.001 -19"><span class='ocrx_word' id='word_1_197' title='bbox 141 3151 243 3226; x_wconf 88' lang='lat' dir='ltr'><strong>quibus</strong></span> <span class='ocrx_word' id='word_1_198' title='bbox 257 3152 379 3208; x_wconf 90' lang='lat' dir='ltr'><strong>obtendi</strong></span> <span class='ocrx_word' id='word_1_199' title='bbox 391 3170 473 3208; x_wconf 89' lang='lat' dir='ltr'><strong>scena</strong></span> <span class='ocrx_word' id='word_1_200' title='bbox 483 3162 569 3225; x_wconf 89' lang='lat' dir='ltr'><strong>atque</strong></span> <span class='ocrx_word' id='word_1_201' title='bbox 582 3150 713 3206; x_wconf 89' lang='lat' dir='ltr'><strong>decorari</strong></span> <span class='ocrx_word' id='word_1_202' title='bbox 725 3152 814 3221; x_wconf 90' lang='lat' dir='ltr'><strong>solet,</strong></span> <span class='ocrx_word' id='word_1_203' title='bbox 830 3153 943 3227; x_wconf 88' lang='lat' dir='ltr'><strong>quoties</strong></span> <span class='ocrx_word' id='word_1_204' title='bbox 959 3151 1054 3208; x_wconf 80' lang='lat' dir='ltr'><strong>sarum</strong></span> <span class='ocrx_word' id='word_1_205' title='bbox 1070 3154 1210 3210; x_wconf 84' lang='lat' dir='ltr'><strong>duntaxat</strong></span> <span class='ocrx_word' id='word_1_206' title='bbox 1319 3175 1322 3182; x_wconf 91' lang='lat'>·</span> 
     </span>
    </p>
   </div>
   <div class='ocr_carea' id='block_1_6' title="bbox 141 3243 1208 4241">
    <p class='ocr_par' dir='ltr' id='par_1_14' title="bbox 141 3243 1208 4241">
     <span class='ocr_line' id='line_1_28' title="bbox 141 3243 1208 3322; baseline 0.003 -23"><span class='ocrx_word' id='word_1_207' title='bbox 141 3261 302 3300; x_wconf 73' lang='lat' dir='ltr'><strong>caussarum</strong></span> <span class='ocrx_word' id='word_1_208' title='bbox 318 3243 481 3300; x_wconf 88' lang='lat' dir='ltr'><strong>oratoribus</strong></span> <span class='ocrx_word' id='word_1_209' title='bbox 496 3243 666 3317; x_wconf 87' lang='lat' dir='ltr'><strong>perstrepit,</strong></span> <span class='ocrx_word' id='word_1_210' title='bbox 685 3261 717 3299; x_wconf 89' lang='lat' dir='ltr'><strong>ac</strong></span> <span class='ocrx_word' id='word_1_211' title='bbox 734 3244 847 3318; x_wconf 89' lang='lat' dir='ltr'><strong>quoties</strong></span> <span class='ocrx_word' id='word_1_212' title='bbox 863 3245 1015 3321; x_wconf 73' lang='lat' dir='ltr'><strong>Megalesia</strong></span> <span class='ocrx_word' id='word_1_213' title='bbox 1030 3265 1108 3302; x_wconf 87' lang='lat' dir='ltr'><strong>sacra</strong></span> <span class='ocrx_word' id='word_1_214' title='bbox 1122 3249 1208 3322; x_wconf 89' lang='lat' dir='ltr'><strong>longe</strong></span> 
     </span>
     <span class='ocr_line' id='line_1_29' title="bbox 141 3333 1208 3409; baseline 0.001 -17"><span class='ocrx_word' id='word_1_215' title='bbox 141 3333 246 3392; x_wconf 84' lang='lat' dir='ltr'><strong>distant</strong></span> <span class='ocrx_word' id='word_1_216' title='bbox 267 3354 284 3389; x_wconf 90' lang='lat' dir='ltr'><strong>a</strong></span> <span class='ocrx_word' id='word_1_217' title='bbox 304 3334 423 3409; x_wconf 86' lang='lat' dir='ltr'><strong>plebeiis</strong></span> <span class='ocrx_word' id='word_1_218' title='bbox 443 3334 536 3404; x_wconf 89' lang='lat' dir='ltr'><strong>ludis,</strong></span> <span class='ocrx_word' id='word_1_219' title='bbox 558 3346 626 3390; x_wconf 88' lang='lat' dir='ltr'><strong>tunc</strong></span> <span class='ocrx_word' id='word_1_220' title='bbox 645 3338 810 3409; x_wconf 87' lang='lat' dir='ltr'><strong>spectaculo</strong></span> <span class='ocrx_word' id='word_1_221' title='bbox 831 3337 943 3393; x_wconf 83' lang='lat' dir='ltr'><strong>absenti</strong></span> <span class='ocrx_word' id='word_1_222' title='bbox 961 3349 1069 3394; x_wconf 74' lang='lat' dir='ltr'><strong>vexata</strong></span> <span class='ocrx_word' id='word_1_223' title='bbox 1091 3349 1208 3395; x_wconf 89' lang='lat' dir='ltr'><strong>sumunt</strong></span> 
     </span>
     <span class='ocr_line' id='line_1_30' title="bbox 141 3426 1207 3504; baseline 0.003 -21"><span class='ocrx_word' id='word_1_224' title='bbox 141 3426 506 3498; x_wconf 77' lang='lat' dir='ltr'><strong>histrionis-instrumenta,</strong></span> <span class='ocrx_word' id='word_1_225' title='bbox 527 3426 634 3482; x_wconf 88' lang='lat' dir='ltr'><strong>scilieet</strong></span> <span class='ocrx_word' id='word_1_226' title='bbox 653 3428 761 3482; x_wconf 87' lang='lat' dir='ltr'><strong>larvam</strong></span> <span class='ocrx_word' id='word_1_227' title='bbox 782 3447 838 3503; x_wconf 89' lang='lat' dir='ltr'><strong>qua</strong></span> <span class='ocrx_word' id='word_1_228' title='bbox 858 3430 970 3484; x_wconf 86' lang='lat' dir='ltr'><strong>vultum</strong></span> <span class='ocrx_word' id='word_1_229' title='bbox 991 3429 1077 3504; x_wconf 89' lang='lat' dir='ltr'><strong>tegit,</strong></span> <span class='ocrx_word' id='word_1_230' title='bbox 1098 3431 1207 3486; x_wconf 87' lang='lat' dir='ltr'><strong>hastam</strong></span> 
     </span>
     <span class='ocr_line' id='line_1_31' title="bbox 141 3521 1207 3598; baseline 0 -20"><span class='ocrx_word' id='word_1_231' title='bbox 141 3521 281 3597; x_wconf 87' lang='lat' dir='ltr'><strong>pampinis</strong></span> <span class='ocrx_word' id='word_1_232' title='bbox 293 3521 469 3592; x_wconf 86' lang='lat' dir='ltr'><strong>involutam,</strong></span> <span class='ocrx_word' id='word_1_233' title='bbox 484 3539 569 3596; x_wconf 91' lang='lat' dir='ltr'><strong>quam</strong></span> <span class='ocrx_word' id='word_1_234' title='bbox 582 3539 669 3577; x_wconf 90' lang='lat' dir='ltr'><strong>manu</strong></span> <span class='ocrx_word' id='word_1_235' title='bbox 686 3531 795 3596; x_wconf 84' lang='lat' dir='ltr'><strong>gestat,</strong></span> <span class='ocrx_word' id='word_1_236' title='bbox 812 3533 840 3578; x_wconf 88' lang='lat' dir='ltr'><strong>et</strong></span> <span class='ocrx_word' id='word_1_237' title='bbox 857 3523 1063 3598; x_wconf 86' lang='lat' dir='ltr'><strong>subligaculum</strong></span> <span class='ocrx_word' id='word_1_238' title='bbox 1081 3542 1139 3597; x_wconf 92' lang='lat' dir='ltr'><strong>quo</strong></span> <span class='ocrx_word' id='word_1_239' title='bbox 1153 3542 1207 3596; x_wconf 93' lang='lat' dir='ltr'><strong>pu-</strong></span> 
     </span>
     <span class='ocr_line' id='line_1_32' title="bbox 141 3603 1207 3688; baseline -0.001 -19"><span class='ocrx_word' id='word_1_240' title='bbox 141 3613 233 3670; x_wconf 84' lang='lat' dir='ltr'><strong>denda</strong></span> <span class='ocrx_word' id='word_1_241' title='bbox 248 3613 326 3669; x_wconf 80' lang='lat' dir='ltr'><strong>relat</strong></span> <span class='ocrx_word' id='word_1_242' title='bbox 340 3603 532 3688; x_wconf 79' lang='lat' dir='ltr'><strong>pantomimus</strong></span> <span class='ocrx_word' id='word_1_243' title='bbox 546 3612 658 3668; x_wconf 85' lang='lat' dir='ltr'><strong>Accius.</strong></span> <span class='ocrx_word' id='word_1_244' title='bbox 679 3611 800 3681; x_wconf 90' lang='lat' dir='ltr'><strong>Quoties</strong></span> <span class='ocrx_word' id='word_1_245' title='bbox 814 3613 939 3670; x_wconf 87' lang='lat' dir='ltr'><strong>Urbicus</strong></span> <span class='ocrx_word' id='word_1_246' title='bbox 953 3613 1058 3669; x_wconf 87' lang='lat' dir='ltr'><strong>exodio</strong></span> <span class='ocrx_word' id='word_1_247' title='bbox 1070 3614 1207 3669; x_wconf 76' lang='lat' dir='ltr'><strong>Atellanas</strong></span> 
     </span>
     <span class='ocr_line' id='line_1_33' title="bbox 141 3703 1207 3780; baseline 0.003 -21"><span class='ocrx_word' id='word_1_248' title='bbox 141 3703 240 3760; x_wconf 73' lang='lat' dir='ltr'><strong>fabular</strong></span> <span class='ocrx_word' id='word_1_249' title='bbox 262 3705 416 3761; x_wconf 89' lang='lat' dir='ltr'><strong>cachinnos</strong></span> <span class='ocrx_word' id='word_1_250' title='bbox 434 3704 555 3774; x_wconf 85' lang='lat' dir='ltr'><strong>excitat,</strong></span> <span class='ocrx_word' id='word_1_251' title='bbox 578 3703 647 3760; x_wconf 87' lang='lat' dir='ltr'><strong>dum</strong></span> <span class='ocrx_word' id='word_1_252' title='bbox 664 3705 880 3780; x_wconf 87' lang='lat' dir='ltr'><strong>gesticulatione</strong></span> <span class='ocrx_word' id='word_1_253' title='bbox 894 3724 1045 3780; x_wconf 90' lang='lat' dir='ltr'><strong>personam</strong></span> <span class='ocrx_word' id='word_1_254' title='bbox 1059 3709 1207 3762; x_wconf 72' lang='lat' dir='ltr'><strong>Autonoes</strong></span> 
     </span>
     <span class='ocr_line' id='line_1_34' title="bbox 142 3795 1206 3872; baseline 0.001 -20"><span class='ocrx_word' id='word_1_255' title='bbox 142 3797 297 3871; x_wconf 83' lang='lat' dir='ltr'><strong>exprimit,</strong></span> <span class='ocrx_word' id='word_1_256' title='bbox 315 3797 396 3852; x_wconf 92' lang='lat' dir='ltr'><strong>illum</strong></span> <span class='ocrx_word' id='word_1_257' title='bbox 407 3796 594 3853; x_wconf 90' lang='lat' dir='ltr'><strong>urbaniorem</strong></span> <span class='ocrx_word' id='word_1_258' title='bbox 605 3815 730 3854; x_wconf 88' lang='lat' dir='ltr'><strong>scurram</strong></span> <span class='ocrx_word' id='word_1_259' title='bbox 741 3796 816 3854; x_wconf 84' lang='lat' dir='ltr'><strong>AElia</strong></span> <span class='ocrx_word' id='word_1_260' title='bbox 827 3796 937 3872; x_wconf 85' lang='lat' dir='ltr'><strong>diligit,</strong></span> <span class='ocrx_word' id='word_1_261' title='bbox 954 3795 1060 3852; x_wconf 88' lang='lat' dir='ltr'><strong>nobilis</strong></span> <span class='ocrx_word' id='word_1_262' title='bbox 1073 3796 1206 3869; x_wconf 89' lang='lat' dir='ltr'><strong>quidem,</strong></span> 
     </span>
     <span class='ocr_line' id='line_1_35' title="bbox 142 3887 1206 3963; baseline 0.003 -20"><span class='ocrx_word' id='word_1_263' title='bbox 142 3887 191 3943; x_wconf 85' lang='lat' dir='ltr'><strong>sed</strong></span> <span class='ocrx_word' id='word_1_264' title='bbox 206 3907 330 3962; x_wconf 87' lang='lat' dir='ltr'><strong>pauper;</strong></span> <span class='ocrx_word' id='word_1_265' title='bbox 351 3889 423 3946; x_wconf 86' lang='lat' dir='ltr'><strong>adeo</strong></span> <span class='ocrx_word' id='word_1_266' title='bbox 445 3888 508 3963; x_wconf 86' lang='lat' dir='ltr'><strong>pari</strong></span> <span class='ocrx_word' id='word_1_267' title='bbox 528 3889 625 3945; x_wconf 83' lang='lat' dir='ltr'><strong>furore</strong></span> <span class='ocrx_word' id='word_1_268' title='bbox 641 3888 786 3944; x_wconf 88' lang='lat' dir='ltr'><strong>insaniunt</strong></span> <span class='ocrx_word' id='word_1_269' title='bbox 807 3889 907 3963; x_wconf 92' lang='lat' dir='ltr'><strong>inopes</strong></span> <span class='ocrx_word' id='word_1_270' title='bbox 930 3900 958 3944; x_wconf 92' lang='lat' dir='ltr'><strong>et</strong></span> <span class='ocrx_word' id='word_1_271' title='bbox 978 3887 1135 3962; x_wconf 79' lang='lat' dir='ltr'><strong>opulentat</strong></span> <span class='ocrx_word' id='word_1_272' title='bbox 1155 3890 1206 3946; x_wconf 87' lang='lat' dir='ltr'><strong>His</strong></span> 
     </span>
     <span class='ocr_line' id='line_1_36' title="bbox 142 3979 1206 4057; baseline 0.005 -24"><span class='ocrx_word' id='word_1_273' title='bbox 142 3990 234 4035; x_wconf 85' lang='lat' dir='ltr'><strong>autem</strong></span> <span class='ocrx_word' id='word_1_274' title='bbox 255 3979 410 4036; x_wconf 87' lang='lat' dir='ltr'><strong>ditioribus</strong></span> <span class='ocrx_word' id='word_1_275' title='bbox 430 3999 535 4057; x_wconf 90' lang='lat' dir='ltr'><strong>magno</strong></span> <span class='ocrx_word' id='word_1_276' title='bbox 554 3981 648 4054; x_wconf 90' lang='lat' dir='ltr'><strong>pretio</strong></span> <span class='ocrx_word' id='word_1_277' title='bbox 671 3981 869 4057; x_wconf 87' lang='lat' dir='ltr'><strong>corrumpitur</strong></span> <span class='ocrx_word' id='word_1_278' title='bbox 886 3980 1048 4048; x_wconf 86' lang='lat' dir='ltr'><strong>comoedus,</strong></span> <span class='ocrx_word' id='word_1_279' title='bbox 1069 3980 1119 4055; x_wconf 90' lang='lat' dir='ltr'><strong>qni</strong></span> <span class='ocrx_word' id='word_1_280' title='bbox 1138 3991 1206 4038; x_wconf 91' lang='lat' dir='ltr'><strong>tunc</strong></span> 
     </span>
     <span class='ocr_line' id='line_1_37' title="bbox 142 4069 1206 4150; baseline 0.004 -24"><span class='ocrx_word' id='word_1_281' title='bbox 142 4071 226 4127; x_wconf 79' lang='lat' dir='ltr'><strong>solvit</strong></span> <span class='ocrx_word' id='word_1_282' title='bbox 244 4069 379 4141; x_wconf 85' lang='lat' dir='ltr'><strong>fibulam,</strong></span> <span class='ocrx_word' id='word_1_283' title='bbox 397 4085 430 4130; x_wconf 90' lang='lat' dir='ltr'><strong>ut</strong></span> <span class='ocrx_word' id='word_1_284' title='bbox 450 4092 514 4130; x_wconf 89' lang='lat' dir='ltr'><strong>cum</strong></span> <span class='ocrx_word' id='word_1_285' title='bbox 536 4073 575 4128; x_wconf 90' lang='lat' dir='ltr'><strong>eis</strong></span> <span class='ocrx_word' id='word_1_286' title='bbox 595 4075 775 4130; x_wconf 89' lang='lat' dir='ltr'><strong>concumbat.</strong></span> <span class='ocrx_word' id='word_1_287' title='bbox 795 4073 866 4130; x_wconf 85' lang='lat' dir='ltr'><strong>Aliae</strong></span> <span class='ocrx_word' id='word_1_288' title='bbox 879 4083 1025 4130; x_wconf 85' lang='lat' dir='ltr'><strong>cantorem</strong></span> <span class='ocrx_word' id='word_1_289' title='bbox 1039 4071 1206 4150; x_wconf 84' lang='lat' dir='ltr'><strong>Chrysogo-</strong></span> 
     </span>
     <span class='ocr_line' id='line_1_38' title="bbox 141 4161 1204 4241; baseline 0.006 -25"><span class='ocrx_word' id='word_1_290' title='bbox 141 4179 207 4218; x_wconf 87' lang='lat' dir='ltr'><strong>num</strong></span> <span class='ocrx_word' id='word_1_291' title='bbox 226 4161 266 4218; x_wconf 87' lang='lat' dir='ltr'><strong>ita</strong></span> <span class='ocrx_word' id='word_1_292' title='bbox 288 4163 367 4220; x_wconf 86' lang='lat' dir='ltr'><strong>coitu</strong></span> <span class='ocrx_word' id='word_1_293' title='bbox 386 4164 591 4241; x_wconf 84' lang='lat' dir='ltr'><strong>fatigaverunt,</strong></span> <span class='ocrx_word' id='word_1_294' title='bbox 608 4176 641 4221; x_wconf 89' lang='lat' dir='ltr'><strong>nt</strong></span> <span class='ocrx_word' id='word_1_295' title='bbox 659 4165 717 4238; x_wconf 87' lang='lat' dir='ltr'><strong>jam</strong></span> <span class='ocrx_word' id='word_1_296' title='bbox 737 4165 768 4222; x_wconf 88' lang='lat' dir='ltr'><strong>in</strong></span> <span class='ocrx_word' id='word_1_297' title='bbox 787 4183 871 4222; x_wconf 87' lang='lat' dir='ltr'><strong>scena</strong></span> <span class='ocrx_word' id='word_1_298' title='bbox 891 4176 1005 4222; x_wconf 88' lang='lat' dir='ltr'><strong>cantare</strong></span> <span class='ocrx_word' id='word_1_299' title='bbox 1025 4183 1084 4221; x_wconf 91' lang='lat' dir='ltr'><strong>non</strong></span> <span class='ocrx_word' id='word_1_300' title='bbox 1103 4167 1204 4222; x_wconf 85' lang='lat' dir='ltr'><strong>valeat.</strong></span> 
     </span>
    </p>
   </div>
   <div class='ocr_carea' id='block_1_7' title="bbox 0 0 1541 4984">
    <p class='ocr_par' dir='ltr' id='par_1_15' title="bbox 0 0 1541 4984">
     <span class='ocr_line' id='line_1_39' title="bbox 0 0 1541 4984; baseline 0 0"><span class='ocrx_word' id='word_1_301' title='bbox 0 0 1541 4984; x_wconf 95' lang='lat' dir='ltr'><strong> </strong></span> 
     </span>
    </p>
   </div>
  </div>
 </body>
</html>
