3108 4986
331 449 391 513 292
602 427 643 489 D.
671 423 809 488 JUNll
837 417 1124 493 IUVENALIS

328 541 364 608 Si
381 541 430 608 vis
449 554 486 606 tu
502 537 593 624 fieri,
611 537 721 606 nullus
738 538 799 607 tibi
815 539 974 632 parvulus
990 541 1065 610 aula

328 648 463 718 Luserit
478 650 620 733 AEneas‚
636 672 699 716 nec
717 647 785 714 filia
801 647 935 716 dulcior
951 650 1018 719 illo.

326 757 520 827 Jucundum
537 771 572 826 et
587 781 701 825 carum
718 757 840 825 sterilis
857 757 938 827 facit
954 785 1038 829 uxor
1054 763 1209 830 amicum.
1351 788 1400 842 rao

325 868 391 938 Sed
405 883 462 937 tua
478 891 570 936 nune
586 866 719 960 Mycale
735 868 844 962 pariat
859 866 952 953 licet,
969 883 1003 937 et
1019 895 1142 964 pueros
1159 886 1226 940 tres

325 981 366 1046 In
383 977 550 1073 gremium
567 977 672 1072 patris
688 975 808 1046 fundat
825 977 942 1062 simul,
961 978 1031 1073 ipse
1049 980 1180 1075 loquaci

325 1087 495 1156 Gaudebit
510 1086 609 1172 nid03
631 1085 774 1154 viridem
792 1086 930 1155 thoraca
943 1087 1079 1180 jubebit

323 1196 471 1281 Allerri,
488 1196 710 1290 minimasque
727 1219 849 1281 nuces,
868 1221 1042 1291 assemque
1060 1215 1233 1294 rogatum,

322 1306 375 1375 Ad
391 1330 544 1375 mensam
561 1306 694 1399 quoties
711 1307 873 1401 parasitus
890 1308 1023 1376 venerit
1040 1307 1161 1378 infans.
1349 1327 1397 1388 145

369 1415 502 1486 Vilibus
518 1415 684 1510 ancipites
702 1412 799 1510 fungi
815 1432 988 1510 ponentur
1004 1419 1136 1506 amicis,

320 1525 456 1596 Boletus
472 1525 629 1611 domino;
646 1525 705 1594 sed
721 1524 854 1619 qualem
872 1525 1032 1597 Claudius
1052 1528 1138 1615 edit,

319 1639 407 1705 Ante
424 1635 517 1704 illum
536 1635 666 1720 uxoris,
683 1649 874 1728 postquem
892 1635 938 1704 nil
955 1637 1098 1731 amplius
1117 1639 1197 1708 edit.

367 1747 469 1815 Virro
485 1746 547 1814 sibi
563 1759 596 1813 et
613 1743 748 1838 reliquis
763 1746 967 1814 Virronibus
985 1746 1040 1815 illa
1053 1747 1187 1840 jubebit

317 1859 421 1924 Poma
439 1855 531 1939 dari,
547 1879 692 1948 quorum
708 1852 781 1922 solo
798 1855 945 1948 pascaris
962 1855 1087 1942 odore;
1345 1878 1393 1930 ¹50

315 1967 435 2055 Qualia
452 1980 636 2061 perpetuus
652 1963 830 2031 Phaeacum
842 1979 1045 2032 auctumnus
1061 1965 1224 2054 habebat3

314 2077 462 2146 Credere
478 2101 552 2169 quae
570 2072 674 2167 possis
691 2072 850 2166 subrepta
865 2075 1036 2142 sororibus
1052 2074 1158 2144 Asris.

314 2188 366 2255 Tu
383 2187 491 2255 scabie
508 2183 630 2254 frueris
647 2181 744 2268 mali,
762 2182 854 2275 quod
871 2183 905 2252 in
922 2208 1045 2278 aggere
1064 2184 1169 2270 rodit,

311 2420 388 2477 illius
399 2419 501 2475 iratres
513 2417 586 2473 estis.
604 2418 650 2471 Tu
665 2429 751 2486 vero,
766 2416 871 2484 Trebi,
883 2416 906 2472 si
922 2417 1005 2490 plura
1016 2418 1060 2473 his
1072 2427 1101 2474 et
1112 2419 1242 2474 dulciora
1254 2419 1357 2478 audire
1370 2441 1385 2477 a

311 2525 436 2589 patrono
453 2523 518 2578 tuo,
539 2511 563 2566 si
582 2510 642 2584 ejus
662 2509 798 2565 dominus
814 2527 923 2582 rexque
942 2525 1001 2565 esse
1017 2510 1116 2584 cupis,
1132 2523 1249 2585 oportet
1268 2523 1302 2569 ut
1323 2533 1383 2570 non

312 2617 423 2661 tantum
438 2603 475 2658 sis
494 2602 590 2670 dives,
609 2617 710 2656 verum
727 2600 811 2656 etium
827 2600 930 2670 orbus,
948 2602 1100 2676 nullusque
1115 2603 1170 2660 tibi
1183 2603 1221 2659 sit
1237 2604 1318 2660 domi
1333 2607 1383 2680 qui

310 2698 391 2754 ludat
410 2695 532 2763 filiolus,
554 2694 632 2749 nulla
650 2691 724 2762 filia,
745 2711 808 2767 quae
827 2693 923 2750 canor
939 2694 1031 2750 filiolo
1047 2696 1101 2752 tibi
1116 2697 1162 2752 sit.
1179 2699 1265 2754 Uxor
1277 2701 1384 2756 sterilis

288 2853 292 2866 ι
310 2789 431 2844 amicum
440 2785 558 2842 divitem
565 2784 694 2839 amicoin
704 2785 803 2857 primis
811 2786 1102 2860 gratumetdilecturn
1111 2788 1216 2844 reddit.
1229 2794 1383 2862 Attamen,

309 2879 439 2955 quamvis
453 2890 481 2934 te
495 2877 620 2960 divitem
629 2876 734 2931 lactum
744 2888 878 2932 uxortua
890 2879 1002 2952 Mycale
1014 2879 1106 2934 tribus
1119 2879 1185 2936 filiis
1195 2882 1225 2936 in
1237 2883 1383 2957 gremium

308 2985 460 3047 paternum
479 2969 576 3025 effusis
596 2979 664 3023 tunc
678 2968 804 3034 auxerit,
824 2967 880 3024 illis
898 2970 977 3042 qnasi
993 2969 1022 3025 in
1039 2971 1141 3027 nidulo
1159 2973 1287 3031 collectis
1304 2977 1385 3032 ultro

308 3062 448 3119 arridebit
467 3061 562 3128 dives,
584 3079 675 3134 quum
695 3061 797 3134 aliquis
812 3061 966 3134 puerilium
989 3063 1095 3118 horum
1110 3065 1305 3137 parasitorum
1323 3069 1384 3142 ejus

308 3173 410 3211 mensae
430 3154 597 3222 accumbet,
621 3164 649 3208 et
669 3171 769 3208 eorum
789 3154 956 3227 garrulitate
975 3173 1008 3210 ac
1026 3155 1173 3212 blanditiis
1194 3157 1332 3214 delectari
1355 3179 1385 3216 se

308 3244 495 3322 significabit,
512 3255 561 3300 aut
578 3262 638 3299 non
654 3243 726 3298 nihil
744 3245 905 3300 munusculi
925 3243 1020 3315 dabit,
1036 3263 1122 3302 nuces
1140 3267 1259 3322 parvas,
1275 3267 1382 3320 asem,

307 3341 455 3396 thoracem
466 3336 603 3404 viridem,
618 3347 647 3390 et
661 3335 729 3390 alias
743 3335 773 3390 id
787 3352 879 3410 genus
894 3355 993 3412 nugas.

312 3433 315 3442 '
350 3429 414 3500 146.
436 3430 503 3486 Tibi
516 3431 552 3486 ud
565 3448 644 3486 suam
657 3430 837 3485 accumbenti
851 3449 994 3503 mensam,
1008 3451 1041 3488 ac
1055 3433 1098 3488 tui
1111 3434 1251 3492 similibus
1263 3437 1381 3509 amicis,

308 3543 380 3599 quos
403 3523 442 3578 ob
465 3521 591 3595 inopiam
609 3531 792 3593 aspernatur,
809 3521 924 3594 jubebit
939 3523 1047 3597 apponi
1064 3524 1241 3599 periculosos
1259 3527 1383 3605 fungos,

308 3617 377 3672 dum
387 3616 447 3689 ipse
456 3614 570 3671 boletos
580 3613 727 3679 comedet,
738 3613 834 3686 quales
846 3613 981 3670 Claudius
991 3616 1124 3687 esitabut,
1133 3628 1288 3692 autequam
1298 3620 1382 3677 illum

307 3707 475 3764 comederet
484 3705 540 3766 sibi
554 3704 591 3760 ub
604 3723 696 3760 uxore
709 3716 917 3778 preparatum,
932 3724 991 3781 quo
1002 3720 1184 3784 peremptus,
1198 3711 1271 3768 nibil
1282 3725 1383 3787 postea

309 3797 503 3855 manducavit.

351 3897 414 3964 149.
431 3889 519 3944 Virro
531 3888 587 3944 sibi
596 3888 712 3962 suisque
721 3889 817 3945 amicis
828 3890 938 3946 fruetus
950 3893 1155 3951 ministrandos
1166 3896 1293 3967 curabit,
1305 3915 1381 3971 quo·

308 3999 371 4035 rum
387 3980 479 4034 odore
493 3980 555 4034 solo
570 3980 709 4054 pascaris,
725 3982 823 4054 quales
838 3981 869 4036 in
887 3985 1034 4040 Phaeacum
1050 3987 1143 4043 hortis
1155 3999 1295 4045 autumno
1311 4009 1379 4063 per-

305 4084 392 4148 petuo
408 4072 568 4128 fruentibus
581 4074 784 4141 nascebantur,
799 4092 930 4149 quosque
941 4077 1020 4132 furto
1032 4078 1159 4134 sublatos
1172 4081 1379 4154 Hesperidibus

305 4165 409 4221 merito
422 4163 528 4219 credas.
544 4166 589 4219 Tu
605 4167 728 4222 vesceris
743 4166 877 4223 scabiosis
892 4169 1001 4242 pomis,
1022 4169 1116 4244 qualia
1136 4172 1239 4228 novitii
1258 4174 1378 4240 milites,
