3148 4990
524 459 712 526 SATlltn
741 457 916 526 PRIMA.
1216 484 1251 524 11

181 577 260 670 Ipse
275 572 456 646 lacernatae
472 600 576 670 quum
593 601 630 644 se
642 575 785 668 jactaret
799 577 924 648 amicte.

182 687 308 755 Nonne
322 685 410 755 libet
426 686 538 756 medio
554 709 646 756 ceras
663 683 804 778 implere
821 708 957 782 capuces

181 795 386 884 Quadrivio,
404 821 509 890 quum
526 797 594 889 jam
611 811 703 866 sexta
718 797 849 866 cervice
866 796 1009 882 seratur,

183 908 275 976 Hinc
290 923 390 1002 atque
408 908 487 978 inde
505 923 640 1002 pateus,
655 933 694 976 uc
711 907 802 986 nudu
818 933 914 1002 paeue
930 906 1105 990 cathedra,
1221 921 1254 976 65

184 1019 230 1086 Et
244 1016 389 1086 multum
407 1017 556 1088 referens
573 1017 615 1086 de
633 1019 820 1088 Maecenate
836 1018 978 1112 supino,

184 1127 343 1222 Signator
358 1127 458 1212 falso,
474 1129 532 1224 qui
549 1153 583 1198 se
600 1127 728 1197 lantum
745 1141 844 1220 atque
859 1128 996 1198 beatum

186 1237 324 1331 Exiguis
340 1236 460 1308 tabulis
476 1253 511 1308 et
527 1263 660 1333 gemma
675 1237 802 1312 fecerat
817 1235 905 1308 uda?

186 1347 346 1416 Occurrit
361 1365 514 1420 matrona
530 1365 669 1444 potens,
685 1371 776 1442 quae,
794 1345 895 1418 molle
911 1345 1075 1420 Calenum

187 1456 406 1544 perrenni-a,
422 1459 496 1530 viro
512 1460 634 1534 miscet
649 1458 780 1531 sitiente
797 1458 969 1542 rubetam,
1225 1489 1259 1539 7⁰

186 1566 407 1660 Instituitque
424 1567 524 1640 rudes
539 1567 662 1638 melior
678 1571 824 1640 Locusta
839 1569 1060 1664 propinquas,

187 1676 253 1743 Per
269 1674 391 1744 famam
408 1693 449 1746 et·
459 1678 624 1772 populum
640 1680 756 1770 nigros
772 1679 894 1749 efferre
910 1681 1058 1750 maritos.

234 1787 332 1855 Ande
348 1787 475 1880 aliquid
491 1786 650 1856 brevibus
665 1787 788 1878 Gyaris
805 1801 840 1854 et
855 1811 991 1859 carcere
1008 1788 1168 1881 dignum,

186 1897 222 1964 Si
239 1897 291 1964 vis
307 1921 379 1968 csse
395 1897 515 1990 aliquis
533 1922 541 1966 ε
560 1895 709 1990 probitas
726 1893 896 1981 laudabar,
914 1911 949 1966 et
964 1895 1063 1990 alget.

185 2005 394 2074 Criminibus
409 2005 536 2075 debent
550 2005 686 2088 hortos,
704 2006 880 2096 pretoria,
897 2028 1046 2090 mensas,
1228 2019 1261 2089 7⁵

186 2117 375 2209 Argentum
392 2127 506 2200 vetus,
524 2126 558 2182 et
573 2127 717 2185 stantem
733 2129 826 2184 extra
842 2113 965 2208 pocula
980 2137 1130 2208 caprum.

187 2357 355 2434 agitaverit,
368 2367 403 2414 ut
413 2357 484 2414 olim
495 2354 681 2414 Automedon
691 2353 837 2411 Achilleos
846 2373 937 2428 equos
947 2355 1079 2431 regebat,
1090 2354 1160 2410 dum
1169 2371 1198 2410 se
1210 2353 1263 2410 im-

187 2459 305 2522 perator
317 2459 476 2506 ostentaret
488 2467 540 2505 suo
553 2447 659 2504 amasio
670 2446 784 2503 virilem
793 2457 901 2503 restem
913 2447 1032 2516 induto,
1047 2465 1133 2520 quem
1141 2446 1264 2502 vocabat

190 2540 314 2594 amicam
333 2539 524 2601 hemam.
543 2539 621 2610 Quis
635 2559 696 2596 nou
711 2537 815 2615 gestiat
830 2535 981 2596 mediisin
994 2537 1128 2611 compitis
1145 2553 1263 2595 exerere

191 2631 344 2703 ulam,
358 2643 387 2690 et
398 2632 452 2706 iis,
465 2651 528 2708 quc
542 2651 572 2690 se
586 2633 726 2704 offerunt,
740 2631 855 2710 flagitiis
868 2634 959 2690 libros
970 2634 1100 2709 ingentes
1113 2631 1265 2704 retemire«,

189 2743 279 2800 quum
289 2727 379 2784 bomo
391 2725 586 2802 turpissimus,
602 2739 631 2784 et
644 2728 675 2783 in
690 2727 876 2803 obsignandis
886 2726 957 2784 falso
967 2725 1144 2782 testamentis
1156 2724 1265 2781 exerci-

189 2827 278 2886 tatus,
295 2818 349 2893 qni
366 2816 553 2892 subjiciendis
574 2820 605 2874 in
628 2821 724 2876 locum
745 2835 879 2876 verarum
899 2815 928 2874 ct
952 2817 1087 2874 notandis
1108 2811 1265 2872 madefacta

190 2907 290 2963 annuli
302 2927 415 2984 gemma
433 2910 538 2968 tabidis
553 2911 737 2981 adulterinis,
756 2913 849 2967 lautus
868 2927 901 2966 nc
917 2911 997 2966 dites
1014 2910 1117 2978 evasit,
1130 2908 1188 2980 jam
1204 2925 1266 2984 ges-

191 3009 270 3055 tetur
283 3000 411 3056 sublimis
419 3001 451 3056 in
461 3001 561 3058 lectica
574 3021 725 3059 servorum
737 3021 785 3058 sex
800 3001 926 3057 humeris
938 3001 1085 3074 imposita,
1097 3000 1173 3056 etub
1184 3009 1266 3055 utro-

191 3109 251 3165 que
273 3091 357 3148 latere
379 3104 495 3167 aperta,
519 3095 580 3168 ipse
601 3095 632 3150 ln
648 3113 678 3151 ea
697 3103 848 3168 porrectus
865 3111 897 3148 ac
917 3093 1052 3166 supinus,
1071 3087 1109 3147 sd
1125 3109 1189 3146 eum
1206 3090 1266 3147 lere

190 3183 328 3256 modum,
341 3203 400 3260 qrto
414 3188 554 3244 Macestus
565 3187 732 3244 deliciarum
744 3187 854 3243 arbiter
864 3187 1007 3242 amantior
1021 3185 1125 3261 gestari
1137 3184 1266 3240 solebat?

190 3277 237 3332 En
252 3277 363 3332 ooturit
374 3278 481 3334 nobilis
493 3279 612 3349 mttlier,
628 3297 692 3354 quae
708 3279 777 3334 dum
792 3277 888 3334 mariti
904 3275 980 3334 sitim
995 3277 1065 3333 vino
1080 3278 1188 3332 Culeno
1201 3293 1264 3332 res-

190 3370 324 3444 tinguere
341 3381 441 3445 parat,
455 3372 566 3429 rubetas
579 3372 659 3429 virus
672 3373 793 3446 poculo,
809 3373 891 3446 quud
905 3373 947 3428 illi
961 3367 1100 3447 porrigit,
1113 3370 1265 3439 admiscet,

192 3473 384 3538 cogimusque
395 3480 475 3534 suas,
489 3465 621 3521 nondum
633 3465 715 3522 istius
727 3482 827 3541 guarus
839 3466 923 3534 artis,
938 3466 999 3540 ipsa
1011 3467 1098 3542 louge
1107 3465 1198 3520 veteri
1210 3466 1266 3519 Lo·

192 3566 273 3610 costa
284 3555 427 3630 peritior,
439 3555 525 3616 docet
537 3558 780 3632 quemadmodum
794 3577 861 3616 suns
874 3560 955 3615 uiros
966 3559 1060 3618 adbuc
1074 3558 1176 3614 veneni
1189 3557 1265 3613 notis

192 3647 314 3719 lividos,
328 3651 503 3725 contemptis
516 3651 618 3726 populi
631 3653 787 3726 spectantis
800 3663 829 3709 et
843 3653 1018 3730 indignantis
1034 3652 1216 3726 rumoribus,
1228 3650 1266 3706 a‘d

194 3741 553 3816 remeantum·
1068 3812 1072 3817 .

234 3831 284 3902 73.
297 3834 417 3891 Sivisin
425 3835 523 3910 aliquo
531 3853 589 3892 esse
598 3835 675 3894 inter
683 3837 814 3894 homines
824 3839 920 3914 pretio
929 3857 962 3894 ac
972 3853 1113 3905 numero,
1127 3835 1159 3891 id
1169 3851 1266 3891 conse-

196 3927 293 4000 quens
308 3926 416 4005 insigni
429 3931 555 4004 quodam
570 3942 599 3987 et
614 3931 753 4006 palmatio
768 3933 891 4002 scelere;
908 3931 1017 4004 aliquid
1033 3939 1149 4004 oportet
1165 3927 1265 3985 exsilio

195 4017 316 4094 ὤμω
328 4031 357 4077 et
370 4039 486 4078 earcere
494 4022 628 4080 moliaris.
646 4025 817 4079 Laudatur
825 4022 975 4096 uirlprobr‘
982 4063 990 4091 ,
1002 4017 1134 4095 at'e'gent.
1146 4021 1266 4076 Florent

193 4108 336 4184 improbi,
353 4124 383 4170 et
393 4113 453 4170 suis
464 4113 617 4171 sceleribus
627 4127 757 4190 acceptas
768 4113 867 4172 lemur
881 4113 975 4185 villas,
990 4115 1063 4170 aedes
1078 4113 1107 4168 in
1118 4113 1191 4168 urbe
1205 4128 1266 4166 ma-

195 4205 447 4282 gnificanmensas
453 4207 757 4285 exquisitas,urgentea
765 4208 970 4285 poculuprisco
978 4205 1099 4265 artificio
1106 4207 1266 4274 elaborata,
