3134 4990
480 468 668 535 sirmi
690 465 927 532 surrntn.
1155 461 1236 548 ‚553

170 577 266 652 Sicut
283 584 525 680 Thrasymachi
539 583 660 679 probat
676 583 802 671 exitus,
822 598 922 677 atque
938 580 1085 652 Secundi

168 690 372 764 Carrinatis:
390 709 426 763 et
439 694 532 763 hunc
545 693 681 787 inopem
701 691 848 778 vidistis,
864 690 1022 776 Athenae,
1184 703 1238 758 ωε

169 800 227 872 Nil
243 819 367 898 praeter
383 804 508 900 gelidas
525 827 613 874 ausre
629 802 786 872 conferre
802 803 938 872 cicutas.

213 912 280 1012 Di,
296 915 463 1008 majorum
479 914 606 982 umbris
622 927 760 981 tenuem
779 925 815 982 et
832 911 903 980 sine
920 911 1074 1006 pondere
1091 923 1238 990 terram,

169 1022 408 1120 spirantesque
425 1049 560 1111 crocos,
574 1038 609 1092 et
627 1023 663 1091 in
678 1044 765 1090 urna
778 1035 981 1116 perpetuum
996 1000 1083 1106 ver,¹

168 1131 238 1220 Qui
253 1151 496 1232 praeceptorem
510 1133 615 1206 sancti
628 1133 767 1204 voluere
781 1132 931 1227 parentio

170 1242 254 1312 Esse
267 1241 358 1314 locol
372 1297 380 1315 .
393 1297 401 1315 .
414 1298 422 1314 .
437 1247 597 1316 Metuens
611 1242 714 1338 virge
724 1241 799 1336 jam
819 1241 956 1337 grandis
971 1238 1124 1313 Achilleo
1186 1269 1241 1304 no.

170 1350 335 1421 Cantabat
348 1352 465 1448 patriis
478 1354 513 1423 in
529 1353 719 1424 montibus:
739 1367 774 1422 et
787 1353 842 1421 cui
855 1376 925 1421 non
938 1367 1024 1422 tunc

168 1457 318 1532 Eliceret
332 1461 438 1532 risum
452 1463 630 1533 citharoedi
646 1461 752 1532 cauda
767 1459 937 1556 magistri?

168 1567 237 1636 Sed
253 1568 381 1639 Rufum
399 1585 501 1667 atque
517 1571 600 1641 alios
617 1570 715 1640 oaedit
729 1595 790 1640 sua
806 1594 948 1665 quaeque
958 1570 1141 1664 juventus,

170 1675 314 1766 Rufum,
330 1680 389 1774 qui
405 1681 506 1750 toties
522 1681 722 1751 Ciceronem
738 1679 921 1775 Allobroga
935 1678 1032 1750 dixit.

217 1788 304 1877 Quis
316 1789 446 1885 gremio
460 1789 621 1861 Enceladi
633 1791 794 1885 doctique
807 1788 1004 1860 Palaemonis
1019 1785 1136 1870 affert,
1188 1792 1240 1847 2¹5

170 1896 345 1985 Quantum
362 1900 598 1996 grammaticus
613 1901 739 1970 meruit
754 1898 871 1969 labor?
886 1914 921 1968 et
939 1913 1053 1968 tamen
1069 1920 1111 1964 ex
1126 1894 1210 1979 hoc,

170 2006 420 2104 Quodcumque
436 2024 487 2080 est
501 2010 635 2108 (minus
651 2025 702 2080 est
717 2023 848 2096 autem,
865 2033 967 2104 quam
984 1999 1240 2096 rhetoricen),

171 2117 336 2212 Discipuli
352 2135 465 2190 custos
481 2119 685 2215 praemordet
699 2121 965 2203 acoenonoetus,

172 2335 302 2395 luctuosa
314 2355 395 2397 mors
405 2339 629 2415 Thcarymachi‚
642 2357 696 2397 nec
708 2358 770 2397 non
782 2336 908 2400 Secundi
917 2335 1088 2411 caminatis,
1103 2341 1240 2416 quemad

172 2439 331 2488 extremam
341 2432 491 2491 reductum
500 2432 645 2508 inopiam,
658 2432 793 2503 Athene,
808 2431 920 2488 vidistis
929 2473 938 2503 ‚
947 2431 1022 2488 nihil
1031 2431 1059 2490 ei
1071 2444 1176 2509 prater
1189 2431 1241 2490 tri·

172 2533 274 2598 gentes
285 2523 391 2582 cicutas
403 2525 521 2602 largiri,
533 2523 573 2583 ob
585 2525 704 2583 Caesaris
717 2534 844 2595 metum,
859 2543 942 2581 ause.

213 2631 281 2686 ²⁰7·
301 2617 422 2686 Atros,
439 2634 458 2672 o
473 2617 597 2693 Superi,
615 2616 701 2673 facite
717 2615 751 2673 ut'
764 2613 911 2688 majorum
924 2625 1093 2672 nostrornm
1105 2615 1243 2674 manibus

171 2703 243 2762 teris
261 2716 339 2764 terra
358 2707 411 2779 sit;
429 2708 551 2766 humum
572 2707 648 2766 circa
666 2707 784 2766 illorum
804 2707 931 2764 tumulos
951 2723 1038 2764 eroco
1058 2705 1244 2783 floribusque

172 2815 287 2874 semper
294 2798 726 2874 beneolentemessejnbetote:
747 2815 838 2857 urnas
849 2797 1020 2856 eorumdem
1029 2799 1103 2856 rosis
1112 2798 1242 2875 liliisque

172 2890 335 2962 cumulate,
345 2890 397 2966 qui
410 2901 471 2948 tam
483 2890 627 2966 supienter
638 2900 811 2961 sanxerunt,
821 2901 856 2948 ut
866 2900 1060 2967 preceptores
1072 2909 1132 2947 non
1143 2889 1240 2949 minus

172 2995 272 3040 sancte
283 3024 292 3054 ‚
315 3001 402 3058 qnam
417 3002 485 3041 suos
497 2995 632 3060 parentes
643 2984 730 3060 pueri
740 2984 886 3042 colerent!
955 2981 1096 3053 Achilles,
1109 2982 1240 3058 quamvis

171 3085 254 3133 etate
273 3075 335 3149 jam
356 3077 539 3152 provectior,
559 3088 655 3134 tamen
676 3076 708 3134 in
732 3075 812 3133 Pelio
836 3075 1011 3146 Thessaliae,
1035 3076 1135 3150 patriae
1161 3094 1238 3147 suae,

171 3178 287 3239 monte,
302 3169 432 3226 discebat
445 3186 549 3226 canere
564 3167 685 3239 fidibus,
703 3178 732 3225 et
749 3167 886 3225 Chironis
896 3167 1010 3244 virgam
1022 3168 1239 3226 extimescebat:
1355 3163 1359 3171 ’

171 3260 238 3334 quis
253 3278 270 3318 a
288 3259 351 3318 risu
365 3271 463 3318 tamen
477 3272 636 3336 temperare
652 3271 721 3316 tunc
737 3260 896 3334 potuisset,
916 3261 1096 3317 Centaurum
1110 3279 1176 3318 eum
1191 3261 1240 3318 illa

171 3370 222 3408 sua
236 3351 326 3410 cauda
336 3351 444 3432 equine
453 3351 574 3409 ridens?
584 3352 670 3408 Nunc
679 3349 786 3408 Rufum
798 3360 828 3407 et
837 3361 951 3410 ceteros
959 3369 1121 3426 puerorum
1133 3352 1240 3408 docto·

171 3461 218 3502 res
231 3443 367 3520 discipuli
379 3444 426 3502 sui
436 3443 554 3520 impune
563 3443 659 3500 rident
669 3460 703 3499 ec
715 3443 844 3517 pulsaut3
855 3442 981 3514 Rufum,
998 3442 1137 3517 iuquam,
1153 3461 1248 3519 egre-.

171 3535 254 3611 giurn
267 3535 349 3592 illum
360 3535 524 3606 rhetorem,
540 3535 592 3612 qui
603 3536 732 3592 Tullium
741 3535 933 3610 Allobrogem
945 3547 974 3592 et
986 3534 1143 3592 barbarum
1154 3533 1240 3592 toties

172 3629 318 3707 appellere
327 3648 388 3686 uon
396 3627 551 3687 dubitarit.

213 3721 281 3781 215.
298 3723 371 3794 Quis
383 3732 495 3780 tentum
505 3723 652 3780 Encelado
662 3733 692 3779 et
700 3719 869 3791 Palaemoni,
886 3719 1082 3778 celeberrimis
1095 3736 1240 3794 mamma-

171 3813 251 3887 rium,
263 3814 399 3892 largitur,
411 3825 553 3890 quantum
565 3815 698 3891 ipsorum
709 3813 861 3891 improbus
874 3824 1002 3871 meretur
1015 3813 1115 3870 labor?
1127 3815 1172 3871 Ex
1184 3814 1242 3871 heo

172 3923 270 3966 tamen
280 3907 461 3979 mercedula,
475 3910 742 3984 quantulacumque
752 3919 809 3979 est,
825 3925 889 3982 quse
901 3917 978 3964 certe
989 3905 1086 3962 minor
1097 3917 1140 3962 est
1151 3923 1241 3981 quam

172 4001 349 4076 stipendium
362 4000 529 4058 rhetoribus
544 3999 638 4057 tribui
654 4001 788 4072 solitum,
803 3998 916 4075 aliquid
930 3998 1072 4074 praerodit
1087 3997 1244 4074 avellitque

172 4094 401 4162 Acoenouoetus,
417 4109 521 4149 avarus
532 4092 617 4167 pueri
631 4091 821 4150 moderator:
836 4090 898 4166 ipse
914 4091 1000 4148 etiam
1015 4089 1197 4166 dispensator
1212 4101 1243 4146 et

173 4202 354 4253 aeconomus,
367 4181 420 4258 qui
433 4183 585 4259 pecuniam
599 4181 772 4258 preceptori
782 4182 876 4240 datin
888 4201 1008 4254 manus,
1017 4180 1128 4258 aliquid
1143 4199 1178 4238 ex
1193 4180 1242 4237 illa
