3108 4986
295 426 360 504 234
568 419 1091 490 n.suu111uvnnsn1s

291 539 387 628 Quos
403 538 512 632 operit
525 536 646 630 glacies
661 535 835 622 Maeotica,
854 550 1020 630 ruptaque
1037 537 1173 608 tandem

290 648 423 717 Solibus
439 646 586 715 effundit
603 646 766 740 torpentis
783 644 825 713 ad
839 645 923 713 ostia
939 647 1041 715 Ponti

294 756 430 825 Desidia
446 755 572 840 tardos,
590 770 625 824 et
640 755 743 850 longo
757 753 885 850 frigore
901 756 1055 852 pingues.

293 867 447 934 Destinat
463 866 528 935 hoc
544 880 731 934 monstrum
749 866 876 959 cymbae
893 864 1022 960 linique
1037 868 1196 963 magister
1335 877 1368 940 45

294 975 453 1045 Pontifici
469 1001 610 1045 summo.
628 976 714 1064 Quis
729 977 823 1044 enim
839 1001 1033 1071 proponere
1049 977 1150 1046 talem

259 1103 268 1118 ²
293 1087 362 1153 Aut
378 1109 490 1154 emere
506 1085 661 1164 auderet,
677 1107 781 1178 quum
795 1084 896 1179 plena
911 1102 946 1156 et
962 1086 1074 1156 littora
1089 1085 1196 1156 multo

293 1193 452 1263 Delatore
468 1192 604 1263 forent?
618 1194 773 1288 Dispersi
792 1209 954 1290 protenus
967 1195 1050 1289 algae

292 1303 514 1397 Inquisitores
530 1317 671 1400 agerent
687 1325 764 1372 cum
780 1303 913 1399 remige
929 1304 1037 1391 nudo,

292 1413 372 1482 Non
388 1412 570 1481 dubitaturi
588 1412 769 1508 fugitivum
786 1411 900 1484 dicere
917 1414 1062 1510 piscem,

292 1521 544 1617 Depastumque
559 1521 617 1590 diu
634 1523 759 1596 vivaria
774 1524 931 1612 Caesaris;
949 1525 1027 1593 inde

294 1630 471 1725 Elapsum,
488 1647 637 1701 veterem
653 1633 696 1702 ad
714 1633 889 1702 dominum
905 1634 1029 1708 dehere
1046 1633 1179 1702 reverti.

292 1741 327 1810 Si
344 1741 428 1834 quid
444 1741 611 1829 Palfurio,
627 1743 655 1812 si
672 1743 842 1814 credimus
856 1744 1049 1830 Armillato,

292 1851 469 1947 Quidquid
487 1855 706 1948 conspicuum
723 1854 971 1950 pulchrumque
988 1867 1037 1923 est
1054 1875 1188 1949 aequore
1204 1861 1293 1938 toto,

292 1963 360 2036 Res
377 1961 449 2031 fisci
465 1977 530 2049 est,
547 1963 753 2059 ubicumque
769 1977 870 2034 natat.
888 1964 1078 2033 Donabititr
1094 1985 1190 2058 ergo,
1334 1971 1368 2025 55

293 2070 347 2139 Ne
364 2086 491 2164 pereat.
509 2074 584 2140 lam
600 2073 734 2144 letifero
750 2075 891 2144 cedente
908 2075 1038 2169 pruinis

292 2181 503 2264 Auctumno,
517 2182 588 2274 jam
603 2183 800 2276 quartanam
816 2183 1029 2276 sperantibus
1042 2180 1157 2274 (egris,

293 2290 463 2360 Stridebat
478 2291 639 2363 deformis
655 2293 788 2386 hyems,
803 2292 1018 2386 praedamque
1034 2305 1211 2359 recentem
1280 2329 1283 2338 ·

291 2495 364 2550 nihil
374 2497 451 2552 mole
462 2497 639 2552 concedebat
649 2493 722 2564 iliis,
737 2495 802 2569 qai,
817 2495 930 2552 durnin
943 2495 1048 2570 palude
1061 2493 1200 2551 Moeotide
1213 2493 1280 2568 gela
1295 2509 1367 2549 con-

291 2586 390 2645 stricta
406 2589 603 2645 delitescentes
616 2591 824 2663 pinguescunt,
842 2587 942 2644 eadem
953 2605 1046 2642 verno
1059 2587 1120 2643 sole
1134 2581 1285 2654 dissoluta,
1303 2583 1366 2641 otio

291 2681 383 2756 longo
398 2680 491 2751 tardi,
507 2690 536 2736 et
551 2680 647 2736 hieme
661 2679 798 2736 diuturna
816 2679 937 2756 saginati
956 2690 1105 2737 transeunt
1126 2687 1155 2735 et
1173 2677 1366 2734 effundraatnr

290 2771 321 2828 in
340 2771 413 2828 illud
433 2771 557 2841 iratum,
581 2787 641 2846 quo
661 2783 798 2845 tanquam
819 2771 895 2829 ostio
916 2773 1032 2829 Moeotis
1050 2789 1116 2828 cum
1135 2773 1228 2827 Ponto
1249 2769 1364 2826 Euxino

291 2862 486 2940 conjungitur.
511 2863 656 2933 Piscator,
679 2881 729 2919 sen
751 2863 886 2921 dominiis
906 2865 1044 2922 navicula
1063 2874 1092 2921 et
1110 2864 1178 2920 retis
1196 2860 1265 2920 linei
1286 2864 1365 2918 hunc

291 2954 397 3028 piscem
408 2955 531 3012 monstri
540 2955 661 3012 similem
671 2955 796 3012 destinat
806 2957 909 3012 summi
924 2954 1069 3030 pontilicis
1080 2971 1199 3024 mensam
1211 2955 1275 3028 qais
1287 2953 1364 3009 enim

291 3046 410 3104 auderet
423 3050 553 3105 venalem
575 3048 717 3122 ejusmodi
738 3067 863 3105 mercem
881 3049 975 3123 palam
995 3065 1157 3122 exponere,
1180 3055 1229 3102 aut
1249 3063 1364 3115 emere,

292 3155 381 3211 quum
393 3140 439 3196 vel
456 3141 516 3215 ipsa
534 3140 634 3196 littora
648 3141 779 3215 plurimis
793 3141 972 3199 delatoribus
985 3139 1188 3196 abundarent?
1203 3137 1306 3195 Statim
1320 3138 1363 3193 illi

291 3229 419 3304 riparum
441 3232 624 3308 indagatores
640 3233 865 3309 ubiquediffusi
884 3235 964 3290 litem
982 3233 1118 3308 piscatori
1138 3233 1243 3288 misero
1264 3231 1361 3288 inten-

292 3323 407 3393 derent,
430 3341 483 3380 nec
500 3324 668 3382 dubitarent
687 3325 831 3384 affirmare
849 3327 956 3402 piscem
976 3325 1119 3399 ejusmodi
1140 3325 1292 3382 educatum
1312 3323 1364 3379 din

290 3413 376 3472 fuisse
388 3414 419 3471 in
431 3417 613 3491 imperatoris
624 3418 754 3491 vivariis3
768 3439 803 3476 ex
815 3419 849 3476 iis
860 3419 1010 3494 effugisse,
1025 3431 1112 3492 atque
1122 3417 1194 3474 adeo
1206 3414 1300 3490 priori
1310 3416 1364 3471 do-

291 3507 372 3564 mino
390 3519 450 3566 esse
472 3510 692 3568 restituendum.
719 3511 751 3569 Si
764 3528 820 3586 qua
839 3509 911 3570 fides
927 3511 1083 3568 adhibetur
1104 3511 1231 3568 Palfurio
1255 3520 1284 3565 et
1304 3511 1364 3564 Ar-

293 3599 421 3672 millato,
437 3601 581 3676 quidquid
599 3603 734 3660 universo
751 3603 783 3659 in
798 3604 871 3660 mari
887 3605 1056 3678 praclarum
1072 3614 1101 3660 et
1115 3603 1252 3660 eximium
1268 3611 1363 3668 natat,

293 3711 477 3770 quocumque
493 3695 524 3750 in
541 3695 607 3752 loco
625 3695 801 3770 reperiatur,
822 3695 945 3752 debetur
962 3695 1147 3772 imperatori,
1164 3707 1193 3752 et
1205 3696 1241 3752 ad
1254 3694 1364 3771 princi-

291 3787 336 3862 pis
351 3785 451 3844 flamm
464 3787 599 3862 pertinet.
620 3790 664 3845 Ne
684 3787 774 3865 igitur
793 3787 886 3844 inrito
907 3789 1061 3863 piscatori,
1083 3789 1144 3845 sine
1167 3791 1229 3845 ullo
1248 3787 1363 3856 imma,

292 3879 377 3955 piscis
393 3881 545 3956 eripiatur,
563 3891 592 3940 et
611 3881 730 3938 omnino
748 3891 862 3956 pereat,
884 3881 1004 3937 donabit
1023 3881 1104 3936 illurn
1124 3879 1307 3956 imperatori,
1328 3887 1364 3934 nt

292 3973 428 4030 meritum
444 3973 543 4031 saltem
558 3973 661 4030 habeat
676 3973 819 4044 muneris,
838 3984 867 4030 et
883 3973 1024 4029 mercedis
1040 3972 1150 4047 aliquid
1168 3972 1287 4028 sortasse
1306 3969 1363 4026 ob-

292 4063 389 4120 tineat.
400 4067 464 4120 Jam
474 4066 689 4124 inhorrescebat
698 4067 813 4143 hyems,
822 4077 946 4123 exeunte
955 4076 1110 4136 autumno,
1120 4077 1149 4121 et
1158 4083 1241 4121 snum
1251 4063 1364 4118 bruma

292 4159 388 4214 locum
401 4157 533 4234 vicesque
547 4158 739 4231 concedente,
756 4177 845 4235 quum
864 4159 966 4237 'aegroti
984 4169 1150 4235 quartam
1169 4156 1274 4214 febrim
1293 4171 1359 4230 spc-
