3108 4986
356 477 419 542 280
474 477 574 540 VAR.
592 473 725 538 LECT.
743 471 805 536 ET
821 473 932 538 NOT.
951 473 1002 538 ΙΝ
1019 473 1116 538 SAT.
1134 473 1302 557 QUART.

387 595 456 642 Vin.
478 591 534 640 uio.
549 591 628 656 lingis
634 588 731 655 potius,
748 589 791 651 15,
803 605 847 647 uo,
859 606 906 648 aa,
920 605 960 651 77.
980 615 1016 626 -·-
1034 589 1082 636 Ille
1098 603 1145 654 pru
1162 589 1207 637 illu
1225 589 1320 638 metm
1340 603 1373 634 ex
1390 601 1417 648 7,

355 677 501 738 17,uo,u'1
515 691 530 722 a
542 691 574 722 tu.
588 689 635 722 tec.
647 689 694 733 uu,
710 689 756 736 29,
770 683 794 721 et
805 672 933 721 nonnuliiu
949 671 1029 721 Cudtl.
1047 672 1124 720 Paula.
1137 675 1282 736 lmpcatuua
1296 685 1349 719 vox
1360 669 1419 728 itta,

353 773 425 823 quam
438 759 533 808 nemini
544 753 697 822 displicuisse
710 757 814 805 mireris.

386 851 454 902 Nou.
471 850 520 902 150
529 867 583 922 seq.
598 847 755 903 Pmclarum
764 847 937 921 epiphonema
947 859 1047 920 poetae,
1060 861 1172 901 mortem
1185 859 1223 900 tot
1235 859 1421 917 tantorumque

353 935 485 999 virorum,
498 934 641 1004 Dontitiani
652 935 725 1008 jussu
740 933 974 1004 interemptorum,
987 932 1108 1005 lugentis.
1129 931 1207 984 Coui.
1225 929 1299 984 Suet.
1319 929 1418 984 Domit.

351 1035 409 1090 cap.
428 1037 472 1084 10,
487 1037 529 1084 11,
545 1017 594 1083 153
608 1029 633 1069 et
647 1017 715 1070 inira
729 1013 763 1070 ad
775 1014 810 1081 V,
824 1013 869 1082 3⁶,
883 1016 925 1084 37.
941 1047 976 1056 -
989 1018 1048 1080 liis,
1062 1015 1167 1081 talibus,
1181 1018 1261 1084 nugis,
1274 1013 1361 1088 qualia
1373 1011 1422 1064 init

352 1101 507 1154 consultatio
517 1099 551 1153 de
563 1100 685 1153 rhombo.

387 1247 454 1294 Vua.
476 1247 534 1296 151.
550 1245 636 1294 Cinam
646 1244 734 1309 quibus
747 1243 849 1292 abstulit
862 1242 931 1294 vrbis
945 1244 1052 1294 tilmon
1066 1243 1164 1293 antium
1170 1279 1180 1302 ,
1196 1247 1239 1304 bo,
1253 1244 1297 1292 65.
1314 1243 1422 1290 lumem

353 1345 451 1394 quoque
465 1329 492 1378 iu
506 1330 549 1389 al,
563 1343 604 1389 η,
618 1330 731 1388 tie-ti,
745 1329 859 1391 lii-59,
869 1329 913 1384 64.

386 1430 454 1475 Van.
475 1428 533 1475 aliu.
548 1426 650 1474 Vindice
659 1427 726 1474 nullo
736 1425 840 1474 malebat
852 1426 879 1474 C.
888 1425 970 1472 Valae.
980 1434 1008 1472 nt
1018 1423 1092 1474 aiunl
1102 1424 1223 1472 alludatur
1232 1423 1264 1471 ad
1274 1421 1420 1482 vindicent,

352 1511 393 1573 qui
406 1511 515 1558 Nemnis
524 1507 690 1558 crudelitatem
701 1507 838 1557 desectione
849 1508 971 1572 cupreaelt.

385 1597 455 1649 Nou.
477 1597 536 1649 152.
551 1599 663 1658 Animus,
678 1596 809 1662 homines,
818 1598 900 1646 claras
909 1597 1064 1661 illantmsque,
1075 1605 1105 1646 ut
1113 1583 1209 1662 ψυχὰ
1216 1584 1342 1664 lobipuue
1351 1591 1421 1664 apud

351 1675 429 1728 Hom.
444 1675 520 1729 Iliad.
536 1696 569 1744 a,
585 1673 618 1743 3,
633 1687 658 1728 ct
670 1677 704 1728 al.
719 1675 825 1747 panim.
838 1683 847 1709 ¹
861 1703 897 1714 -
909 1677 1012 1742 Impune
1021 1688 1044 1724 et
1054 1675 1154 1724 vtiadicc
1164 1676 1241 1732 nullo,
1253 1671 1354 1744 quibua
1365 1687 1421 1722 vett·

349 1760 390 1812 bia
403 1760 506 1831 ignavia
520 1759 666 1827 nobilium,
680 1759 785 1833 tyianru
798 1757 959 1829 temporibus
973 1755 1134 1821 viventium,
1148 1767 1260 1808 notatur.

384 1853 453 1907 Nou.
476 1854 540 1922 153,
555 1856 613 1919 154.
627 1855 667 1910 Ex
677 1855 795 1909 hocloco
803 1853 970 1908 manifestum
983 1865 1036 1921 eat,
1049 1866 1155 1928 poetam
1165 1851 1317 1906 Domitiano
1327 1867 1419 1923 super·

350 1937 436 1991 utitem
451 1939 539 1992 iuisee.
554 1940 661 1994 Confer.
674 1958 751 2010 supra
765 1938 798 1993 de
810 1911 872 1993 iim
884 1939 1026 1994 luvenalis.
1040 1969 1077 1981 -
1091 1939 1250 1997 cerdonibus,
1265 1936 1420 1990 hominibus

350 2021 447 2074 infimis
459 2041 489 2074 ac
502 2022 615 2076 sordidis
627 2041 634 2075 :
650 2020 711 2075 vide
721 2021 755 2074 ad
765 2023 851 2089 V111,
864 2023 927 2088 18²,
939 2024 985 2076 ubi
999 2025 1092 2074 Volesis
1101 2023 1237 2090 Baetisque,
1250 2033 1281 2074 ut
1293 2018 1348 2074 hoc
1361 2019 1419 2072 loeo

350 2107 456 2172 lamiis,
468 2105 520 2158 hoc
529 2118 582 2172 eat,
595 2106 739 2173 nobilium,
752 2119 930 2180 opponuntur.
945 2105 1022 2160 Cous.
1034 2106 1072 2158 ibi
1080 2117 1183 2170 notam,
1196 2103 1267 2160 etad
1279 2104 1343 2168 111,
1359 2107 1417 2170 ²94·

350 2187 435 2240 intell.
450 2187 604 2254 Clodianus,
616 2189 747 2241 Maximus
758 2199 783 2240 et
796 2188 930 2255 samaim,
946 2189 993 2260 qui
1004 2202 1146 2260 tyrannum
1157 2186 1326 2242 trucidarunt
1338 2205 1345 2240 :
1360 2185 1420 2240 vide

349 2272 421 2326 Suet.
433 2273 531 2325 Domit.
540 2291 598 2344 cap.
611 2290 651 2342 ¹7·
663 2303 699 2314 —
707 2273 784 2325 Tunc
790 2271 882 2343 periit,
890 2289 973 2342 quum
981 2271 1123 2344 cumplebe
1130 2270 1420 2344 timerecoepiseet,uec

347 2359 401 2428 jam
413 2367 497 2408 essent
506 2355 606 2408 nobiles
616 2396 623 2422 ,
635 2357 681 2426 qui
691 2355 812 2408 timerent
822 2392 828 2414 ‚
841 2354 915 2408 omni
925 2354 1060 2406 nobilitate
1071 2367 1097 2407 et
1107 2354 1203 2408 Senatu
1211 2357 1266 2428 jam
1275 2352 1418 2420 emtineto3

329 2505 335 2512 ι
350 2451 402 2491 vet.
417 2439 505 2491 Schol.
520 2469 557 2480 -
574 2441 727 2498 ιαιηίαηιιη,
741 2437 887 2503 nobilium,
900 2457 915 2489 a
927 2437 1079 2489 Domitiano
1092 2437 1255 2501 occisorum,
1270 2435 1340 2489 inter
1353 2455 1420 2510 quoe

350 2522 428 2574 etiam
440 2521 525 2575 AEliue
537 2523 624 2572 lamia
637 2519 686 2572 iuit
700 2519 779 2589 (vide
791 2519 862 2572 Suet.
878 2519 976 2573 Domit.
991 2539 1048 2593 cap.
1062 2521 1131 2590 to),
1144 2520 1191 2593 qui
1204 2538 1266 2573 cum
1277 2517 1383 2572 delectu
1393 2531 1420 2572 et

350 2603 441 2657 acerba
455 2603 629 2675 imperatoria
641 2601 802 2656 crudelitatis
815 2613 875 2655 uota
890 2615 1066 2668 memoratur,
1085 2621 1168 2676 quum
1182 2603 1217 2657 ob
1229 2603 1315 2656 levem
1327 2601 1418 2655 mortis

350 2705 468 2741 cauatam
489 2687 578 2756 (Suet.
593 2689 611 2740 l.
625 2687 680 2757 1.),
700 2699 757 2739 tum
776 2687 811 2739 ob
825 2687 1022 2758 cognationem,
1041 2703 1100 2758 que
1114 2705 1176 2739 cum
1188 2685 1313 2760 Principe
1324 2687 1351 2740 ei
1364 2699 1419 2740 erat

350 2769 438 2836 (Suet.
458 2769 557 2822 Domit.
575 2771 621 2839 t),
640 2762 696 2821 tum
709 2769 744 2822 ob
756 2768 936 2841 antiquitatem
950 2769 1165 2842 nobilitatemque
1177 2771 1297 2844 generis,
1318 2767 1353 2824 de
1365 2789 1417 2843 qua

350 2850 404 2904 vid.
419 2852 510 2905 Horat.
524 2851 576 2905 0d.
592 2853 633 2904 lll
641 2891 649 2916 ,
664 2869 801 2922 17,1aeq.
817 2851 907 2924 ibique
919 2853 1082 2924 interpretes.

769 3009 999 3030 mmm

350 3117 453 3166 nuncios
477 3119 589 3170 laureatia
610 3121 666 3186 pilia
691 3121 790 3182 venire,
813 3137 859 3170 neo
939 3130 948 3154 ¹
968 3123 1038 3172 Cous.
1053 3121 1138 3168 Butm.
1154 3119 1185 3168 ad
1200 3121 1269 3188 Virg.
1286 3121 1341 3170 AEn.
1363 3123 1416 3182 ill,

350 3196 421 3244 ullam
426 3195 567 3262 fumosam,
577 3200 604 3248 id
613 3211 661 3260 est,
670 3200 764 3264 nigram
771 3201 797 3248 in
805 3201 858 3249 lau·
903 3205 935 3264 67
945 3219 953 3261 3
963 3201 1062 3249 Barnea.
1071 3199 1102 3248 ad
1112 3199 1198 3265 llurip.
1207 3202 1280 3249 Herc.
1289 3201 1338 3249 fur.
1349 3203 1414 3263 45η

283 3314 289 3328 ,
349 3293 390 3326 cea
400 3293 527 3328 cursorum
537 3281 604 3328 cerui
615 3297 731 3346 pennam.
740 3303 753 3324 n
902 3283 984 3331 Klotz.
994 3281 1026 3330 ad
1034 3283 1103 3348 Tyn
1114 3283 1141 3342 Ι,
1156 3289 1199 3340 14,
1208 3296 1233 3347 p.
1248 3283 1298 3344 57,
1311 3282 1354 3333 58.
