3130 4986
337 409 397 474 188
482 415 654 487 vautffi
683 418 976 484 LECTIONES
1007 419 1070 483 ET
1099 419 1251 486 NOTAE

330 523 412 574 eleeto
417 527 522 596 factas,
539 527 581 579 vel
592 546 642 601 pro
655 547 687 582 eo
700 529 912 584 substituendum
927 535 980 594 eat,
995 545 1021 586 et
1030 553 1092 602 quo,
1106 534 1148 586 vel
1158 536 1198 584 cai
1204 531 1403 586 madradoctiut

332 605 434 660 dictum
446 627 496 681 pro
508 612 551 662 ille
560 614 678 674 enardus,
693 633 710 664 a
722 633 770 682 quo
780 618 902 666 mordetur
907 619 1005 685 gallina
1012 638 1022 678 ,-
1034 617 1257 692 quemadmodum
1270 616 1344 688 apud
1352 614 1405 668 Ho-

332 691 444 757 ratium,
458 694 511 746 Set.
523 695 552 760 l,
565 715 612 763 ro,
628 700 678 750 16:

549 793 598 846 uti.
611 795 697 857 scripta
711 795 798 858 quibua
811 796 925 844 contudit
938 797 1016 858 pritca
1029 798 1086 844 viria
1100 807 1148 853 ert,

331 888 358 927 et
369 878 440 950 apud
451 879 497 932 sil.
511 881 542 948 1,
557 881 626 936 280:

548 967 618 1014 Haud
633 968 704 1014 alium
718 967 779 1015 vidit
791 968 876 1024 tellus,
890 969 929 1015 eui
942 984 1033 1031 ponere
1046 971 1116 1016 finem

547 1041 602 1088 Non
614 1053 694 1105 portet
708 1059 772 1090 mort
784 1061 831 1092 uua
842 1044 894 1090 viro
903 1077 922 1089 ..
933 1078 938 1089 .
950 1078 955 1090 .

332 1120 406 1176 Hanc
422 1126 600 1196 conjecturam
618 1129 914 1204 interpretationemque
927 1130 1020 1184 ceteris
1031 1130 1238 1203 praeferendam.
1255 1127 1301 1184 aed
1313 1143 1408 1182 nuum

332 1225 388 1260 eene
401 1209 488 1262 locum
501 1226 589 1266 censet
598 1215 677 1269 Hein.
689 1257 696 1282 ‚
706 1235 790 1289 quum
801 1215 876 1288 plura
887 1213 1054 1268 inveniantur
1066 1215 1184 1288 exempla
1195 1213 1303 1266 ablativi
1312 1212 1409 1266 oniae

332 1293 533 1365 prepositione,
546 1300 620 1352 verbi
636 1320 725 1356 caueae
740 1300 811 1375 apud
823 1297 978 1364 Horatium,
991 1297 1043 1352 Od.
1056 1299 1086 1364 1,
1101 1301 1131 1362 6,
1150 1316 1161 1349 1
1175 1317 1181 1351 :
1198 1295 1345 1350 dothain
1352 1293 1410 1346 Ve-

332 1375 373 1428 rio
378 1415 456 1429 .....
469 1379 530 1431 alite
540 1400 547 1446 ;
559 1405 570 1426 ι
590 1383 689 1438 Aaron.
701 1385 778 1457 Epig.
791 1386 819 1446 1,
837 1386 886 1436 16:
903 1407 914 1428 e
924 1381 1074 1436 Celebraria
1085 1395 1145 1435 vete
1156 1381 1272 1454 superbo
1281 1401 1308 1445 ,ι
1322 1377 1408 1431 Tacit·

245 1465 248 1476 '
333 1459 425 1512 Annei·
435 1460 478 1512 Ill
488 1504 495 1528 ,
507 1461 541 1518 3:
558 1465 686 1520 ·Tiberio
700 1481 725 1521 et
737 1471 856 1542 Auguato
867 1463 1010 1520 cohibitam
1022 1488 1049 1533 3·
1062 1466 1124 1520 Mel.
1138 1466 1197 1532 111,
1210 1469 1245 1518 6:
1259 1489 1271 1510 ι
1281 1463 1409 1538 Erythia,

333 1561 413 1615 quam
426 1545 550 1620 Geryone
561 1549 704 1605 habitatam
718 1552 867 1626 accepimue
877 1572 885 1618 ;
896 1573 908 1595 ι
923 1561 949 1604 et
962 1551 989 1603 in
1004 1551 1062 1605 aliia
1075 1551 1279 1612 aliorumnas,
1296 1547 1410 1602 laudatis

335 1645 349 1678 a
361 1626 434 1680 Cort.
450 1629 483 1684 ad
494 1632 556 1685 Sall.
569 1633 634 1688 Bell.
646 1635 707 1708 Jug.
721 1655 779 1708 cap.
796 1636 843 1698 15,
855 1647 880 1686 et
892 1651 940 1700 ar;
954 1635 987 1686 ab
997 1634 1121 1688 Oudend.
1136 1647 1163 1688 et
1172 1633 1279 1687 Rubnk.
1291 1633 1325 1685 ad
1335 1632 1409 1685 Suet.

333 1707 398 1762 Cur.
413 1729 471 1783 cap.
487 1731 524 1780 19.
539 1714 614 1769 Idem
626 1737 688 1772 vero
702 1719 771 1772 infra
785 1717 818 1772 nd
829 1717 901 1784 XII,
917 1723 968 1781 44,
983 1731 1089 1784 monet,
1107 1718 1135 1770 in
1147 1717 1235 1772 verbis
1248 1721 1333 1769 tanea
1345 1719 1410 1766 Par·

332 1793 412 1842 tlenio
422 1795 524 1862 sufflas,
545 1796 664 1852 dativum
685 1819 741 1854 esse
758 1803 904 1866 Parthenio,
920 1814 944 1854 et
961 1805 1200 1866 conatrucn'onctu,
1219 1801 1262 1854 vel
1279 1798 1411 1852 tironibus

332 1877 512 1945 notissimam,
527 1888 685 1938 Partheniana
703 1900 790 1940 autem
803 1906 900 1940 nomen
920 1887 1046 1941 caelatoria
1062 1889 1139 1940 nobis
1158 1885 1248 1958 ignoti.
1269 1879 1411 1954 Quidquid

333 1979 398 2014 vero
414 1981 445 2015 ex
456 1964 499 2019 bia
514 1967 657 2039 placuerit,
672 1971 797 2024 sententia
814 1983 853 2024 eat
865 1969 975 2035 eadem,
990 1989 1069 2042 quam
1084 1971 1239 2042 interpretes
1254 1968 1411 2019 lereomnea

335 2045 361 2098 iu
371 2046 423 2101 hoo
433 2050 493 2103 loco
501 2051 586 2108 inesse
594 2068 722 2128 putarunt
733 2075 740 2109 z
754 2059 860 2107 Miratur
867 2073 954 2106 vocem
964 2067 1111 2122 angariam,
1121 2053 1226 2105 exeilem
1233 2051 1276 2102 vel
1284 2065 1393 2103 raucam
1403 2086 1412 2113 ‚

334 2150 393 2204 que
404 2152 457 2185 non
470 2135 559 2190 minuo
569 2138 669 2211 ingrata
683 2152 737 2203 eet,
750 2157 830 2213 quam
840 2157 891 2192 vox
901 2137 962 2208 galli
972 2177 979 2202 ‚
991 2137 1113 2208 gallinam
1125 2134 1284 2197 mordentia,
1293 2132 1345 2186 hoc
1355 2143 1412 2196 eet,

333 2227 473 2289 postquam
487 2222 629 2275 momordit
640 2224 780 2294 gallinam
796 2236 853 2277 tum
871 2221 941 2274 enim
954 2221 1021 2272 ultra
1033 2221 1102 2273 eirea
1114 2237 1207 2290 urgere
1223 2217 1289 2270 aolet
1301 2231 1413 2277 rocem,

333 2301 473 2374 acriusque
485 2304 630 2359 intendere.
646 2307 717 2360 Bene
728 2307 779 2362 hoc
792 2308 852 2360 loco
866 2316 1035 2376 comparatur
1046 2303 1120 2356 iocur
1133 2299 1246 2368 Quintil.
1260 2298 1346 2353 instit.
1355 2295 1414 2356 XI·

334 2383 371 2436 3:
391 2409 402 2431 ι
411 2386 472 2440 Vox
484 2389 551 2444 ultra
563 2389 633 2446 vires
644 2389 760 2463 urgenda
774 2409 828 2443 non
843 2401 898 2442 eet:
916 2406 976 2440 nam
990 2398 1015 2439 et
1026 2387 1155 2440 suffocata
1169 2403 1254 2456 rupe,
1272 2395 1297 2435 et
1313 2381 1415 2453 majore

336 2466 397 2520 nisu
409 2470 497 2524 minue
507 2471 576 2525 clara
591 2485 646 2539 eet,
659 2485 685 2526 et
696 2475 803 2527 interim
817 2473 879 2526 elisa
893 2472 919 2524 in
935 2471 1009 2523 illum
1022 2488 1116 2523 conum
1131 2467 1260 2540 emmpst,
1271 2464 1315 2519 cui
1325 2464 1413 2518 Greci

337 2537 460 2618 κλυγμέι
478 2569 574 2603 nomen
589 2571 602 2604 a
614 2553 744 2624 gallorum
760 2556 796 2622 (et
811 2551 991 2624 graculorum)
1004 2548 1146 2600 immaturo
1161 2559 1240 2600 cantu
1250 2543 1391 2599 dederunt.
1402 2568 1413 2588 ι

337 2628 481 2686 Plathnner
490 2633 546 2688 huc
557 2633 711 2690 adnotavit:
727 2635 900 2690 -Ahetrmim
913 2632 978 2706 quid
991 2645 1095 2704 poetam
1110 2645 1228 2695 notante,
1242 2628 1415 2682 fidentissime
1456 2643 1460 2651 ·

336 2713 386 2766 tibi
398 2729 502 2788 presto.
515 2718 615 2772 Notum
629 2732 684 2786 eet,
698 2719 810 2793 Cybeles
821 2717 968 2772 ucerdotee
980 2719 1064 2768 Gallos
1075 2716 1174 2767 vocari.
1188 2713 1249 2766 Erat
1261 2725 1349 2766 antem
1360 2709 1415 2764 boe

337 2794 477 2852 bominum
489 2819 571 2872 genua
583 2799 724 2864 lascivum,
739 2812 765 2853 et
775 2813 877 2852 tantum
890 2816 944 2851 non
956 2799 983 2849 in
995 2798 1058 2870 ipris
1069 2795 1173 2869 templis
1183 2795 1320 2850 muliebria
1331 2795 1416 2867 patie-

337 2880 423 2933 batur.
446 2881 498 2936 Sed
516 2884 635 2955 plerique
656 2883 733 2935 etiam
754 2881 887 2936 testiculos
906 2881 1038 2952 ponebant
1058 2879 1164 2932 bilibres
1185 2877 1256 2948 (vid.
1277 2876 1414 2941 intravi,

339 2959 386 3033 371
400 2967 486 3035 terp),
504 2976 529 3016 et
545 2964 649 3019 laecivu
666 2965 789 3018 mulieres
806 2981 897 3017 eorum
914 2963 1057 3016 concubitu
1075 2963 1188 3015 maxime
1199 2961 1414 3025 delectabantur,

339 3047 412 3117 quod
425 3067 478 3100 non
493 3049 651 3120 gignebant3
666 3049 722 3102 vid.
738 3047 806 3100 inire
817 3046 875 3113 vt,
889 3045 1008 3118 366119.
1027 3045 1189 3099 Alterutrum
1204 3057 1295 3098 notter
1311 3043 1414 3116 tetigit,

338 3130 422 3202 tetigit
434 3143 518 3185 tamen
530 3153 537 3197 ;
551 3151 612 3185 nam
626 3132 708 3204 priori
719 3129 799 3184 modo
809 3129 912 3184 satirico
920 3132 1042 3198 gallinam
1052 3142 1130 3183 vocat
1139 3129 1243 3183 Gallum
1254 3148 1261 3194 ;
1275 3128 1414 3200 paeteriori

340 3233 403 3266 vero
413 3257 420 3281 ‚
432 3215 505 3287 qnod
519 3218 601 3288 1111ςὶ1
615 3215 729 3281 ridetur,
741 3218 838 3284 gallina
852 3214 902 3266 erit
913 3212 1046 3275 adultera,
1058 3231 1117 3285 qnu
1132 3232 1193 3266 curu
1207 3213 1335 3286 Cybelico
1346 3212 1415 3266 cole·

339 3297 393 3350 bat.
406 3297 474 3351 Nam
486 3312 512 3352 et
522 3299 603 3354 Gallie
616 3301 672 3354 istie
681 3319 734 3353 vox
745 3299 838 3368 exilit,(
845 3298 900 3352 vid.
914 3309 992 3371 supra
1005 3299 1049 3364 ΙΙ,
1064 3315 1110 3351 111
1121 3300 1146 3367 );
1160 3316 1239 3370 porro
1252 3309 1277 3350 et
1288 3300 1417 3349 mordendi

339 3382 450 3433 verbum
463 3382 501 3436 cic
515 3383 679 3454 aptissimum
689 3403 696 3448 ;
712 3393 780 3435 note
790 3381 890 3453 quippe
900 3378 1045 3432 amantium
1056 3379 1217 3433 blandienter
1230 3379 1417 3432 morsiunculn

339 3483 371 3518 ex
388 3466 468 3538 Prop.
481 3465 529 3530 IV,
544 3465 578 3533 3,
593 3466 642 3533 25;
656 3467 689 3533 5,
702 3464 751 3535 39,
769 3477 795 3518 et
810 3463 891 3517 Ovid.
910 3466 1001 3516 Amor.
1018 3464 1047 3530 1,
1062 3464 1123 3532 898.
1134 3490 1145 3510 ·
1163 3463 1240 3516 Conl.
1259 3463 1415 3534 interpreter

340 3548 443 3601 Horatii
457 3547 507 3602 Od.
519 3550 550 3615 Ι,
564 3547 612 3615 13,
625 3568 665 3604 12.
676 3549 778 3602 Vereor
790 3561 894 3615 temen,
908 3567 942 3600 ne
954 3559 1038 3622 poette
1048 3549 1086 3602 nic
1096 3546 1282 3613 obtruduntur,
1295 3565 1355 3619 quu
1365 3547 1415 3618 ipai

340 3651 394 3684 nou
408 3631 434 3683 in
448 3643 563 3684 mentem
574 3651 687 3700 venere3
703 3632 752 3686 etei
767 3632 902 3704 ingeniose
920 3644 991 3686 certa
1009 3632 1066 3684 hec
1085 3630 1246 3684 videbuntur
1258 3631 1303 3692 iia,
1318 3630 1416 3702 quibm

340 3713 430 3780 lubet,
449 3714 477 3765 in
496 3715 593 3769 talibus
613 3716 721 3787 ingenio
738 3714 884 3787 indulgere.
894 3746 931 3756 -
942 3721 1031 3767 Vocem
1043 3703 1190 3784 angustam,
1205 3727 1234 3766 ut
1249 3717 1321 3766 uocis
1336 3727 1418 3764 acuta

341 3801 464 3858 molirier,
479 3796 551 3870 apud
564 3797 700 3852 Claudian.
713 3796 826 3864 xvttt,
840 3795 900 3860 340.
910 3829 945 3838 -
955 3800 1054 3850 Μαήιο.
1068 3797 1111 3850 sic
1120 3795 1233 3869 Virgilio
1244 3795 1335 3867 Fclog.
1346 3793 1418 3858 VII,

343 3901 369 3953 7,
379 3884 423 3932 nir
429 3884 528 3950 gregim·
542 3881 663 3947 Horatio,
677 3880 729 3936 Od.
740 3881 765 3946 Ι,
780 3899 820 3950 17,
831 3899 856 3950 7,
868 3884 935 3932 olens
945 3885 1045 3933 mariun
1055 3897 1133 3953 caper
1143 3879 1249 3946 dicitur,
1258 3891 1318 3951 poet
1326 3875 1417 3932 'ibeo-

343 3959 437 4013 critum
445 3999 454 4023 ,
465 3962 509 4014 cui
521 3973 577 4027 eat,
589 3959 676 4027 Vnt,
689 3967 739 4027 49,
753 3959 802 4012 rin
814 3959 894 4025 alerii
905 3954 972 4034 incip.
988 3960 1041 4015 Eo.

380 4105 445 4152 Van.
464 4123 506 4168 91.
519 4107 562 4154 Illi
574 4105 671 4155 emend.
684 4105 813 4155 Schrader.
827 4106 896 4169 quod
911 4122 965 4159 nou
981 4121 1079 4155 necem
1095 4115 1147 4153 ert:
1161 4119 1220 4154 uam
1232 4119 1306 4169 gns,
1326 4119 1351 4150 v.
1370 4104 1420 4162 88,

344 4195 380 4232 eet
392 4201 486 4238 nomen
499 4189 607 4250 collect,
620 4200 644 4238 et
654 4205 700 4238 cur
711 4190 810 4238 numeri
822 4191 969 4254 permutatio
982 4207 1028 4240 noa
1039 4187 1167 4238 offendat?
1179 4189 1225 4236 sed
1236 4186 1285 4236 illis
1298 4185 1418 4244 coeaur,
