3122 4986
479 408 670 474 sarran
691 405 895 475 ocrtva.
1100 357 1102 366 ’
1157 412 1222 498 ⁶³9

149 527 377 598 Dissimilem:
396 527 523 622 quippe
540 525 596 596 ille
612 523 684 594 deis
700 524 893 598 auctoribus
909 522 999 595 ultor

155 639 263 709 Patris
279 653 351 708 erat
364 639 440 710 cesi
455 637 571 709 media
586 636 675 708 inter
688 632 830 729 pocula;
847 634 906 708 sed
920 659 984 708 nec

155 747 298 820 Electrae
310 748 430 844 jugulo
446 774 481 819 se
498 746 635 843 polluit,
650 760 710 815 aut
724 746 881 840 Spartani

154 859 325 952 Sanguine
338 858 508 952 conjugii,
524 855 624 932 nullis
637 856 771 926 aconita
784 851 986 950 propinquis

156 967 311 1055 Miscuit,
328 969 363 1045 in
379 992 481 1040 scena
496 989 670 1061 nimquam
685 965 833 1040 cantavit
847 966 1003 1050 Orestes,
1175 997 1224 1032 m

155 1077 276 1148 Troica
286 1101 356 1147 non
369 1079 514 1174 scripsit.
527 1075 621 1166 Quid
634 1075 724 1146 enim
737 1074 920 1168 Verginius
934 1074 1034 1152 annis

156 1187 282 1258 Debuit
294 1187 411 1260 ulcisci
427 1189 550 1282 magis,
560 1201 623 1263 aut
638 1210 716 1266 cum
728 1183 872 1254 Vindice
884 1183 1018 1261 Galba?

155 1295 248 1385 Quid
261 1299 356 1369 Nero
371 1313 439 1367 tam
453 1321 541 1373 saeva
557 1295 728 1390 crudaque
746 1295 926 1390 tyrannide
941 1293 1045 1369 fecit?
1094 1343 1102 1350 -

155 1407 236 1476 Haec
252 1431 357 1502 opera
374 1422 474 1503 atque
491 1408 544 1479 hae
560 1422 641 1484 sunt
655 1404 810 1500 generosi
826 1403 992 1498 principis
1007 1419 1111 1488 artes,

156 1516 343 1588 Gaudentis
356 1519 447 1591 toedo
462 1518 643 1613 peregrina
654 1516 696 1585 ad
711 1515 843 1611 pulpita
855 1513 940 1585 saltu
1177 1533 1225 1583 ns

156 1626 336 1716 Prostitui,
352 1630 531 1723 Graiaeque
546 1628 661 1722 apium
675 1626 836 1695 meruisse
851 1647 996 1698 coronae.

156 1737 327 1829 Majorum
344 1738 476 1832 effigies
495 1738 644 1807 habeant
662 1734 805 1828 insignia
822 1734 935 1810 vocis:

155 1847 245 1913 Ante
261 1846 364 1940 pedes
380 1847 509 1919 Domiti
527 1845 666 1939 longum
684 1861 722 1912 tu
737 1868 826 1936 pone
840 1843 996 1936 Thyeste

154 1955 292 2048 Syrma,
307 1955 362 2024 vel
376 1956 586 2049 Antigones,
606 1978 665 2023 seu
679 1977 858 2045 personam
875 1951 1106 2045 Menalippes,

155 2067 200 2134 Et
215 2065 257 2134 de
270 2090 460 2136 marmoreo
476 2065 639 2133 citharam
659 2059 826 2155 suspende
840 2059 980 2130 colosso.
1062 2115 1066 2123 .
1177 2079 1227 2132 230

201 2174 313 2263 Quid,
329 2174 491 2259 Catilina,
508 2173 575 2242 tuis
590 2169 756 2240 natalibus
772 2184 873 2263 atque
891 2167 1032 2262 Cethegi

154 2379 300 2454 disparem
321 2396 443 2435 cauum.
462 2379 579 2436 Orestes
603 2375 711 2452 quippe
728 2385 841 2451 patrem
859 2376 891 2432 in
908 2375 1044 2434 convivio
1061 2396 1077 2432 a
1097 2379 1229 2454 Clytem-

154 2481 253 2528 nestra
271 2469 454 2528 intersectum
472 2469 682 2538 ulciscebatur,
703 2469 821 2543 Superis
840 2469 1054 2544 impellentibus
1068 2480 1097 2526 et
1117 2490 1227 2546 appra-

153 2562 312 2618 bentibus:
332 2573 362 2618 at
378 2580 431 2618 nee
450 2561 560 2618 sororis
579 2579 636 2618 suae
654 2561 788 2632 Electrae,
806 2571 856 2618 aut
872 2560 973 2618 uxoris
988 2562 1134 2636 Spartane
1153 2563 1230 2620 caede

155 2673 274 2712 manum
298 2653 517 2713 commaculavit
530 2674 538 2724 ;
568 2671 631 2708 non
652 2650 751 2708 aflines
779 2671 891 2712 veneno
916 2653 1051 2725 sustulit;
1081 2674 1229 2730 nunquam

154 2745 186 2802 in
200 2746 313 2803 theatro
330 2745 454 2814 cecinit;
468 2744 594 2803 carmina
608 2743 644 2800 de
657 2745 752 2817 Trojae
763 2745 877 2808 excidio
891 2763 953 2804 non
967 2748 1137 2821 composuit.
1151 2747 1231 2818 Quid

156 2837 234 2893 enim
251 2837 357 2911 justius
372 2837 554 2913 Virginium,
575 2834 727 2892 Vindicem
745 2846 774 2891 et
793 2836 914 2896 Galbam
932 2837 1057 2898 excitare
1073 2839 1175 2896 debuit
1184 2839 1231 2896 'ad

155 2945 254 3002 poenas
270 2929 307 2988 de
320 2931 439 2991 Nerone
454 2929 620 2999 sumendas,
635 2947 722 3004 quam
736 2927 785 2984 illa
800 2928 926 2988 hominis
938 2929 1091 3001 vecordia,
1104 2929 1156 3006 qui
1170 2931 1230 3000 bis·

156 3019 230 3092 trio,
249 3031 351 3096 poeta,
375 3019 547 3077 citharoedus
569 3039 629 3078 esse
650 3039 711 3077 non
730 3021 932 3078 erubesceret?
953 3021 1066 3092 Quaeris
1081 3023 1227 3097 quodnam

155 3115 325 3186 praeclarum
336 3113 446 3169 facinus
458 3113 581 3170 ediderit
593 3115 686 3182 Nero,
703 3124 766 3169 toto
780 3113 832 3170 illo
845 3124 991 3189 ternpore,
1004 3133 1063 3189 qno
1075 3115 1229 3189 imperium

156 3204 297 3275 obtinuit,
314 3205 362 3260 vel
378 3204 473 3280 potius
489 3223 549 3280 quo
568 3204 662 3262 diram
679 3205 863 3281 tyrannidem
878 3205 1030 3279 exercuit?
1049 3208 1183 3265 Cantavit
1199 3208 1229 3264 in

156 3314 254 3369 scena,
268 3297 398 3368 saltavit,
412 3315 511 3354 versam
522 3296 605 3355 lecit:
617 3299 678 3356 baec
693 3297 893 3354 snnt‘illnstrla
905 3298 1020 3357 maximi
1036 3299 1175 3373 principis
1187 3298 1230 3354 fa-

156 3389 270 3461 cinora,
284 3392 328 3448 be
338 3390 489 3448 suntillius
497 3402 589 3461 artes,
601 3390 648 3446 cui
658 3390 731 3446 nihil
742 3389 867 3465 optatius
877 3401 954 3462 erat,
968 3410 1055 3465 quam
1068 3391 1100 3449 iu
1111 3391 1229 3449 theatris

156 3492 318 3540 exterarum
334 3481 463 3558 gentium
478 3480 751 3558 saltareindignnrn
765 3481 797 3538 in
812 3500 940 3551 morem,
954 3501 1092 3538 coronam
1110 3501 1146 3539 ex
1160 3482 1228 3555 apio

157 3570 188 3627 in
204 3576 372 3633 Graecorum
386 3573 589 3632 certaminibus
604 3575 783 3650 promereri,
797 3587 827 3631 et
837 3575 1020 3651 imperatoris
1033 3575 1157 3635 Rotnani
1167 3593 1229 3630 ma-

153 3663 287 3736 jestatem
302 3665 430 3723 ludibrio
451 3665 575 3740 turpiter
590 3685 745 3741 exponere.
767 3669 846 3742 Age,
864 3667 960 3737 Nero,
975 3685 1098 3725 avorum
1111 3677 1228 3736 tuorum

155 3753 295 3832 imagines
306 3775 413 3813 exorna
424 3757 481 3814 illis
491 3757 626 3833 praemiis,
640 3777 703 3832 quae
714 3757 754 3814 ob
767 3777 901 3815 canoram
913 3777 1015 3816 vocem
1029 3776 1062 3814 es
1072 3775 1230 3832 consequu-

157 3856 203 3904 tus
217 3870 224 3904 :
240 3860 306 3906 ante
321 3849 442 3906 Domitii
455 3850 640 3909 simulacrum
653 3849 768 3926 depone
781 3861 891 3908 vestem
905 3849 1091 3924 theatralem,
1108 3860 1159 3906 aut
1171 3851 1229 3910 lar-

156 3958 236 4012 vam,
250 3960 307 4016 qua
316 3941 435 4000 indutus
448 3953 543 4018 partes
552 3943 700 4019 Thyestae,
711 3943 870 4020 Antigones
881 3944 927 3999 vel
937 3942 1117 4016 Menalippes
1129 3940 1228 4017 egisti:

110 4028 114 4036 '
156 4047 190 4085 ex
205 4031 254 4088 illa
268 4032 391 4110 Augusti
402 4044 495 4092 statua
507 4033 632 4110 ingenti,
648 4053 824 4104 marmorea,
843 4033 980 4109 suspendi
996 4033 1134 4090 citharam
1147 4033 1227 4106 jube.

198 4125 264 4181 231.
290 4125 362 4196 Quis
383 4126 533 4184 illustriori
555 4128 620 4186 loco
640 4139 723 4184 natus
744 4127 799 4182 fuit
815 4144 901 4200 quam
917 4137 967 4196 tu,
985 4124 1122 4196 Catilina,
1143 4144 1228 4200 quam
