3134 4990
327 457 392 539 ⁵44
546 461 551 469 ·
604 401 1127 529 o.snu111uvauams

325 574 433 668 Cujus
446 589 483 644 et
497 573 647 652 alveolos
661 592 697 647 et
710 575 832 647 laenam
846 577 1001 672 pignerat
1015 580 1150 649 Atreus.

237 771 240 778 ἱ
326 685 407 755 Non
422 684 527 754 habet
540 685 659 756 infelix
674 687 849 775 Numitor,
863 687 956 784 quod
969 687 1081 756 mittat
1095 686 1224 772 amico;

325 793 501 884 Quintillae
516 796 610 890 quod
626 797 747 884 donet,
764 798 885 888 babet3
903 822 968 870 nec
984 797 1095 868 deluit
1110 795 1179 884 illi,
1373 795 1406 870 7⁵

326 903 429 973 Unde
445 920 577 974 emeret
592 905 699 976 multa
712 908 921 1001 pascendum
934 933 1035 978 carne
1050 907 1185 977 leonem

326 1017 346 1083 J
348 1039 403 1084 am
417 1015 603 1084 domitum:
621 1031 755 1086 constat
770 1016 891 1087 leviori
905 1017 1006 1088 belua
1018 1031 1157 1112 sumptu

327 1124 518 1211 Nimirum,
534 1138 570 1193 et
585 1124 727 1218 capiunt
743 1124 818 1221 plus
833 1127 994 1197 intestina
1008 1140 1129 1222 poetae.

378 1237 569 1305 Contentus
584 1233 675 1303 fama
686 1234 798 1328 jaceat
812 1238 972 1306 Lucanus
988 1237 1024 1305 in
1040 1234 1148 1305 hortis

328 1345 549 1416 Marmoreis:
567 1358 602 1412 at
616 1346 762 1414 Serrano
780 1347 944 1440 tenuique
957 1345 1069 1416 Saleio
1373 1356 1405 1408 8ο

328 1454 671 1550 Gloriaiquantalibet
686 1456 771 1551 quid
794 1457 877 1542 erit,
892 1457 921 1525 si
940 1454 1047 1549 gloria
1062 1466 1195 1520 tantum
1210 1449 1288 1525 est?

328 1566 488 1637 Curritur
502 1564 544 1632 ad
558 1587 678 1632 vocem
692 1563 881 1656 jucundam
894 1577 930 1632 et
943 1585 1081 1633 carmen
1095 1559 1211 1629 arnicae

328 1674 536 1760 Thebaidos,
552 1671 662 1742 laetam
677 1671 759 1742 fecit
774 1695 880 1766 quum
894 1672 1020 1742 Statius
1036 1670 1173 1756 urbem,

328 1785 558 1878 Promisitque
572 1782 680 1854 diem:
698 1798 793 1853 tanta
809 1781 990 1854 dulcedine
1007 1795 1123 1876 captos

328 1895 447 1966 Afficit
462 1892 517 1962 ille
532 1893 681 1980 animos,
701 1906 861 1989 tantaque
877 1890 1018 1962 libidine
1033 1889 1126 1984 vulgi
1376 1903 1406 1958 85

329 2001 493 2076 Auditur!
510 2003 588 2092 sed,
606 2028 713 2098 quum
730 2003 837 2099 fregit
850 1999 1010 2072 subsellia
1022 2023 1141 2086 versu,

330 2117 462 2204 Esurit,
476 2115 636 2186 intactam
649 2113 764 2184 Paridi
778 2113 843 2183 nisi
856 2112 983 2184 vendat
995 2114 1146 2206 Agaven.

330 2348 488 2406 Rubrenus
498 2349 602 2423 Lappa
614 2363 676 2404 uon
691 2347 852 2406 deteriores
863 2343 1020 2425 tragoedias
1033 2353 1206 2424 componat,
1224 2361 1314 2424 qnam
1328 2357 1407 2406 vete·

330 2449 481 2518 respuetur
492 2439 610 2517 tragici3
623 2440 677 2515 qui
690 2452 786 2498 tamen
803 2451 884 2498 tanta
899 2441 1045 2517 premitur
1056 2447 1202 2516 egestate,
1214 2451 1248 2496 ut
1262 2439 1335 2498 dum
1347 2453 1409 2497 tra-

331 2535 459 2613 goediam
474 2533 633 2605 scriberet,
648 2550 736 2610 quam
751 2537 875 2592 Atreum
893 2531 1093 2609 nuncupavit,
1108 2545 1226 2589 coactus
1242 2527 1333 2590 luerit
1345 2549 1410 2590 suas

332 2629 428 2684 lences
446 2638 599 2700 vestesque
616 2643 767 2701 opponere
784 2625 915 2703 pignori.
933 2627 1052 2683 Poterat
1069 2625 1151 2681 illum
1169 2624 1290 2699 quidem
1306 2625 1411 2684 Numi·

333 2730 396 2791 tor,
411 2717 473 2792 ejus
485 2717 610 2788 urricus,
628 2716 665 2771 ab
679 2715 779 2793 inopia
792 2717 957 2790 vindicare3
970 2719 1021 2776 sed
1032 2717 1171 2775 nimirum
1181 2715 1297 2774 bomini
1306 2713 1409 2774 libidi-

332 2827 407 2865 uoso
427 2819 459 2864 et
485 2824 596 2877 avaro,
617 2806 699 2881 quod
721 2807 815 2864 amico
842 2809 1000 2886 largiatur,
1021 2808 1094 2864 nihil
1114 2808 1257 2884 suppetit:
1278 2809 1412 2884 suppetit

333 2900 415 2977 qnod
427 2896 742 2974 Quintillaejimpertict.
759 2900 854 2973 Quid,
865 2902 947 2976 quod
959 2901 1088 2977 pecunie
1098 2900 1167 2958 satis
1175 2899 1294 2971 hebuit,
1305 2912 1339 2958 ut
1351 2901 1414 2958 leo-

334 3014 403 3052 nem
417 3005 528 3052 emeret
542 2993 682 3063 cientem,
696 2994 791 3050 multo
807 2994 998 3050 nutriendum
1010 2993 1078 3050 cibo
1094 3004 1286 3069 sumptuque;
1302 2993 1412 3050 minori

332 3085 468 3143 videlicet
481 3084 577 3160 pretio
586 3084 673 3142 ulitur
684 3083 818 3143 immanis
832 3086 895 3150 fera
902 3106 911 3159 3
922 3087 1047 3162 plusque
1057 3085 1116 3142 cibi
1128 3085 1296 3145 stomachus
1306 3099 1411 3161 poetae

334 3197 422 3254 quom
435 3177 536 3247 leonis,
550 3177 637 3254 capit.

375 3288 422 3346 79.
444 3270 579 3325 Lucanus
593 3286 661 3326 sune
678 3281 833 3328 contentus
845 3288 896 3343 ea,
912 3289 1000 3347 quam
1013 3272 1137 3346 adeptus
1152 3276 1212 3341 est,
1227 3270 1336 3346 gloria,
1351 3270 1412 3326 otio

334 3361 531 3437 indulgentia
547 3379 662 3419 amoeua
678 3371 707 3418 et
724 3363 827 3419 statuis
843 3364 1012 3421 marmoreis
1029 3362 1195 3441 insignibus
1210 3347 1315 3419 orbata
1327 3362 1413 3432 villa;

334 3473 437 3513 verum
456 3455 600 3526 Serrano,
620 3466 650 3510 et
669 3454 753 3530 inopi
770 3453 866 3513 Saleio
888 3455 960 3532 quid
979 3456 1083 3514 offeret
1102 3454 1287 3512 emolumenti
1304 3454 1413 3530 gloria,

335 3559 570 3624 quantacumque
587 3545 705 3604 demum
717 3547 766 3604 illu
784 3547 837 3620 sit,
858 3547 883 3604 si
897 3558 1004 3624 praeter
1020 3548 1144 3626 gloriam
1161 3547 1236 3603 nihil
1250 3545 1331 3602 alind
1344 3546 1414 3622 ipsis

334 3641 447 3718 proemii
461 3639 621 3699 tribuitur?
640 3642 749 3717 Ingens
759 3639 794 3696 fit
808 3641 939 3718 undique
951 3641 1056 3718 populi
1068 3657 1226 3698 concursus
1237 3638 1277 3696 ad
1288 3639 1414 3696 audien-

337 3735 410 3792 dum
431 3735 571 3805 Statium,
590 3745 620 3790 et
635 3733 801 3791 incredibili
817 3735 967 3810 voluptate
986 3751 1086 3790 omues
1103 3730 1283 3802 afficiuntur,
1301 3730 1415 3806 quoties

335 3826 472 3902 promisit
490 3845 521 3885 sa
540 3826 670 3884 carmina
686 3844 745 3884 suae
763 3827 933 3885 Thebaidos
954 3839 1031 3886 certa
1051 3825 1099 3884 die
1117 3825 1322 3897 recitaturum
1339 3823 1414 3880 adeo

336 3919 443 3976 civium
460 3939 545 3978 aures
564 3918 736 3994 animosque
752 3917 883 3992 jucunda
904 3913 964 3975 v'ox
986 3929 1016 3976 et
1036 3917 1199 3975 suavissimi
1217 3935 1321 3974 versus
1340 3915 1414 3973 deli·

336 4011 435 4068 ninnt!
452 4011 511 4070 Sed
526 4024 683 4088 postquam
700 4010 850 4069 auditores
863 4029 924 4087 prae
937 4009 1044 4086 gaudio
1059 4020 1089 4066 ct
1100 4010 1244 4086 applausu
1256 4025 1415 4085 propemo-

336 4101 407 4158 dum
428 4103 563 4160 subsellia
587 4104 759 4180 fregerunt,
788 4103 851 4179 ipse
874 4103 949 4160 lame
970 4099 1141 4174 coniicitur,
1163 4101 1221 4159 nisi
1241 4099 1415 4178 tragoediam

337 4195 458 4276 Agaven
472 4195 570 4253 Paridi
584 4196 665 4270 prius
683 4193 807 4272 vendat,
828 4215 916 4272 quarn
931 4196 963 4253 in
975 4196 1069 4254 lucem
1084 4195 1164 4254 edita
1176 4194 1224 4254 sit.
1241 4195 1298 4254 nic
1310 4193 1360 4255 tlte
1371 4203 1415 4252 est
