3134 4990
323 425 387 494 602
479 428 651 498 VARIAE
675 427 967 529 Luct'lottus
989 431 1053 498 ΕΤ
1076 431 1232 500 NOTAE

323 549 433 608 rii-ss,
444 550 486 609 25,
496 564 539 610 27,
548 565 590 614 19,
600 548 714 612 46-46,
727 552 770 609 50,
783 551 897 613 §te-74,
908 565 948 611 77.
963 549 1065 599 Diversa
1075 567 1089 599 e
1099 562 1184 615 parte,
1199 569 1223 613 7,
1236 560 1280 613 rt,
1292 567 1328 613 17.
1338 551 1384 600 Di·

319 647 385 678 νοω
396 647 413 678 a
420 642 504 696 parre,
517 642 559 690 st.
571 635 654 694 Recte,
668 633 766 698 opinor,
777 640 801 682 et
813 633 849 680 sic
860 647 958 696 quoque
971 633 1067 682 emend.
1078 634 1214 683 Lindenhr.
1227 634 1277 682 fied
1287 633 1384 682 tinne

283 709 287 722 ⁵
317 714 414 778 sagittae
433 715 578 780 exquisitius
600 719 684 766 forsru
703 716 774 765 di'ttre
794 731 841 780 pro
860 733 867 763 :
888 731 942 780 quse
962 731 976 763 ι
997 715 1111 776 diverse,
1134 717 1173 765 vel
1196 716 1299 766 adverse
1320 725 1383 780 perte

320 799 430 846 veniunt.

353 901 421 954 Nor.
442 904 500 956 156.
519 905 1081 976 Sagirroesuotargumentsreliirmsmentn,
1092 903 1331 976 quoeadrersurins
1340 921 1388 974 op-

316 984 396 1056 ponit
407 1003 415 1038 :
425 1004 488 1038 nem
502 987 655 1058 eloquentia
665 999 691 1040 et
702 1006 802 1042 esussae
812 988 930 1043 forenses
940 1007 1051 1060 pugnes,
1065 989 1146 1042 Marti
1156 1002 1183 1043 et
1192 989 1273 1042 armis
1282 1005 1389 1058 compa·

317 1068 757 1140 rentur;uudell1areem‘sorensem
767 1071 834 1125 dixit
846 1071 928 1124 Orid.
942 1090 975 1124 ex
986 1071 1090 1136 Ponto,
1103 1070 1153 1133 IV,
1166 1073 1197 1132 6,
1213 1088 1260 1138 29,
1275 1081 1302 1122 et
1315 1069 1388 1122 Suet.

319 1151 376 1205 Cal.
392 1170 415 1204 c.
435 1151 482 1216 53,
502 1155 709 1220 «peroraturus,
728 1147 882 1210 stricturum
898 1174 927 1208 se
944 1154 1138 1210 lucubrationis
1158 1173 1213 1208 susr
1226 1153 1322 1217 telum,
1341 1151 1391 1204 mi·

318 1235 440 1290 nabetur.
448 1262 459 1284 s
475 1237 582 1292 Confer.
599 1257 681 1310 supra
694 1237 730 1293 sd
742 1257 783 1293 vs.
799 1239 825 1293 8.
842 1270 877 1281 -
892 1240 992 1308 Sagittoe
1004 1241 1108 1290 diverse
1121 1255 1177 1305 qua
1191 1239 1314 1298 veriam,-
1329 1234 1391 1288 ride

280 1347 284 1367 .
319 1319 383 1372 Ver.
403 1320 476 1373 Lect.

352 1489 418 1536 Vsu.
439 1488 496 1550 157.
511 1487 586 1548 Scire,
602 1493 643 1551 50,
655 1493 698 1551 61,
710 1493 753 1551 61,
764 1491 807 1552 63,
818 1490 932 1550 66-66,
945 1496 1057 1550 71-74,
1068 1505 1109 1551 77.
1118 1515 1154 1526 -
1166 1487 1264 1546 Volent,
1279 1489 1390 1545 ro-uss,

318 1569 430 1631 45-50,
440 1571 456 1618 5
459 1574 554 1634 4-69,
565 1581 678 1634 71-74,
689 1589 730 1634 77.
741 1573 878 1636 Utrumque
887 1570 1001 1636 probavit
1009 1569 1177 1636 Lindenbrog.
1185 1581 1210 1618 rt
1219 1569 1300 1619 velint
1307 1569 1391 1634 exqui-

318 1653 388 1701 sitius
400 1664 444 1702 est.
457 1681 493 1692 -·
505 1655 616 1704 Reddere
626 1671 705 1716 nemo,
721 1656 762 1705 23.
789 1681 790 1686 =

352 1757 421 1810 Nor.
444 1759 504 1812 158.
525 1760 617 1813 Verbo
638 1759 763 1833 discipuli
780 1781 788 1815 ε
810 1765 948 1814 Mercedem
971 1763 1102 1830 appellas,
1126 1778 1279 1824 memoras,
1300 1758 1391 1813 dicis?

320 1842 388 1908 Quid
397 1843 461 1892 euim
471 1843 541 1909 seio,
555 1841 621 1914 qnid
634 1861 650 1896 s
665 1855 691 1898 te
704 1843 807 1899 didici?
820 1835 868 1898 His
881 1842 1027 1915 respondet
1036 1829 1162 1915 rrlngister
1173 1863 1180 1897 :
1193 1847 1272 1912 Csdpa
1283 1844 1390 1896 doeeuris

317 1926 436 1992 argrino,
449 1924 478 1978 in
488 1943 548 1978 eum
559 1927 730 1994 transfertur,
741 1942 794 1984 etc.
809 1929 849 1982 Ex
863 1927 960 1998 quibus
973 1927 1064 1979 verbis
1073 1926 1243 1998 intelligitur,
1255 1925 1339 1980 etism
1347 1925 1393 1978 ills

318 2018 410 2073 aetrte,
424 2020 455 2061 ut
465 2021 573 2076 nostru,
585 2027 642 2062 nou
650 2008 768 2064 defuisse
779 2051 787 2077 ‚
798 2010 856 2082 qni,
870 2010 892 2062 si
900 2012 1011 2082 juvenes
1024 2007 1096 2062 haud
1105 2010 1221 2063 multum
1230 2007 1391 2080 proficerent

317 2088 461 2157 initeris,
483 2109 589 2145 omnem
602 2093 682 2165 hujus
696 2094 737 2147 rei
751 2095 857 2166 culpem
874 2095 903 2147 iu
918 2105 1095 2166 preceptores
1108 2093 1278 2158 conferrent,
1292 2109 1390 2162 parum

319 2184 488 2243 reputantes,
508 2193 578 2240 uon,
594 2187 625 2228 ut
643 2195 658 2228 e
674 2176 764 2247 lapide
774 2191 820 2231 sut
835 2190 933 2232 trunco
948 2179 1055 2249 signum
1073 2175 1198 2246 aliquod,
1212 2177 1256 2230 rel
1268 2176 1355 2244 imrgo
1371 2191 1388 2226 s

319 2256 449 2308 ststusrio
467 2258 645 2328 exsculpitur,
665 2258 705 2312 its
721 2277 753 2312 ex
773 2259 913 2324 omnibns,
931 2261 1011 2314 etiem
1029 2261 1128 2312 nullius
1148 2258 1264 2328 ingenii,
1280 2257 1388 2328 pueris,

318 2352 345 2392 et
354 2339 462 2410 quidem
471 2359 620 2412 prucorum
629 2360 760 2395 annorum
769 2341 868 2413 spatio,
881 2341 952 2394 siros
966 2339 1060 2393 doctos
1069 2339 1163 2410 effingi
1174 2351 1254 2409 utque
1266 2338 1386 2399 formeri,

317 2439 405 2493 neque
419 2441 452 2476 ex
466 2424 562 2495 quovis
573 2424 666 2495 stipite
679 2425 823 2496 pulchrum
840 2425 1011 2478 simulacrum
1026 2422 1128 2476 edolsri
1145 2437 1233 2494 posse.
1253 2421 1332 2476 Conf.
1347 2439 1389 2475 rs.

321 2504 371 2575 ²³7
381 2523 438 2578 seq.

353 2677 424 2726 Viri.
446 2676 502 2740 ¹59·
520 2677 625 2744 Papilloe
636 2675 755 2742 suspicari
765 2677 845 2742 possis
856 2673 912 2724 coll.
925 2677 980 2724 loco
995 2676 1080 2737 Plinii,
1097 2676 1125 2724 in
1135 2676 1227 2725 comm.
1235 2674 1348 2736 lrndrto,
1361 2687 1389 2724 et

318 2758 375 2828 qpie
386 2759 527 2824 Fulgentius
536 2761 645 2825 Mythol.
653 2763 693 2821 11,
706 2779 736 2825 9,
751 2761 811 2826 legit
820 2759 842 2808 si
852 2761 915 2809 lesa
923 2771 998 2824 parte
1004 2759 1123 2825 papilia,
1134 2761 1183 2809 nisi
1192 2760 1233 2808 hie
1242 2760 1388 2808 memoriter

316 2841 398 2891 locum
408 2844 532 2905 laudarit,
544 2845 612 2908 qnod
624 2845 698 2892 liein.
709 2844 852 2908 suspicetur.
864 2844 913 2894 sed
923 2843 959 2892 nil
969 2844 1078 2891 interest.

352 2947 423 3002 Nor.
446 2950 504 3018 169.
522 2953 634 3012 Scilicet,·
644 2949 707 3003 vide
716 2948 751 3002 sd
762 2949 802 3013 11,
819 2953 878 3011 rod.
890 2952 920 2998 In
928 2951 1076 3016 inrupere,
1084 2946 1155 2999 infra
1166 2945 1262 3000 levam
1271 2959 1388 3017 partem,

317 3035 448 3099 rnamr'lloe,
459 3033 512 3086 hoc
523 3046 577 3098 ert,
587 3035 614 3086 iu
627 3032 709 3088 corde
718 3034 801 3101 (conf.
812 3032 884 3087 Pers.
897 3033 938 3096 11,
954 3029 1013 3099 53):
1023 3049 1086 3083 nam
1095 3048 1160 3084 «cor
1171 3029 1331 3084 animalibus
1345 3049 1388 3084 ce·

318 3115 382 3168 teris
392 3115 421 3168 in
435 3113 524 3171 medio
535 3130 644 3188 pectore
653 3129 708 3183 est,
720 3117 822 3171 homini
832 3128 936 3170 tuntum
950 3115 1021 3170 iufra
1031 3116 1124 3169 levum
1134 3115 1280 3187 pupillum,
1291 3138 1303 3159 ι
1314 3116 1382 3170 Plin.

320 3197 370 3260 XI,
381 3200 415 3269 37
424 3218 445 3251 s.
457 3203 500 3268 69.
515 3203 587 3255 ‹Cor
596 3214 685 3255 sutem
697 3202 753 3255 aliis
765 3200 870 3256 suimus
879 3199 985 3254 videtur
999 3218 1006 3251 :
1022 3218 1055 3252 ex
1070 3218 1124 3270 quo
1140 3198 1284 3262 excordes,
1297 3217 1386 3254 rmor-

246 3328 252 3339 .
319 3282 366 3335 des
382 3284 580 3356 concordesque
592 3285 729 3348 dicuntur,
742 3300 770 3340 et
780 3286 876 3339 Nssies
888 3285 932 3338 ille
941 3281 1060 3356 pru'dens
1071 3283 1229 3344 Corculum,
1245 3294 1272 3335 et
1280 3284 1386 3354 egregie

318 3368 444 3423 cordatus
461 3370 544 3423 horno
563 3383 636 3425 estus
655 3373 739 3424 AElius
759 3372 873 3424 Sextus:
892 3368 1068 3441 Empedocles
1084 3369 1205 3422 animum
1223 3385 1282 3422 esse
1299 3383 1388 3424 censet

316 3452 394 3507 cordi
403 3454 534 3508 suffusum
544 3455 717 3527 unguinem:
732 3455 774 3507 ulii
787 3455 813 3507 in
829 3453 924 3519 corde,
938 3453 984 3506 alii
996 3453 1025 3506 in
1038 3451 1148 3507 cerebro
1162 3451 1291 3506 dixerunt
1304 3453 1387 3507 enimi

318 3555 375 3591 esse
384 3537 475 3592 sedem
484 3551 510 3593 et
519 3539 642 3607 locum,·
653 3538 707 3593 Cic.
718 3539 799 3592 Tusc.
813 3539 912 3603 Quest.
925 3535 954 3600 1,
964 3553 990 3604 9.

351 3722 419 3770 Vis.
439 3725 497 3773 160.
510 3721 580 3789 Sapit
588 3725 653 3784 conj.
664 3721 765 3787 qnidam
775 3721 845 3770 mele.
860 3721 897 3770 cf.
906 3717 989 3767 Barth.
999 3717 1029 3766 sd
1040 3717 1098 3766 Stat.
1107 3715 1165 3766 Silv.
1176 3719 1200 3776 Ι,
1210 3733 1235 3775 2,
1246 3732 1306 3765 uro.

352 3825 420 3878 Nor.
442 3829 500 3879 160.
519 3829 564 3880 Nil
573 3829 643 3888 salit,
655 3826 722 3880 nihil
732 3824 846 3897 ingenii,
859 3823 948 3878 nullus
961 3822 1064 3878 boniet
1077 3821 1183 3893 pulchri
1195 3839 1307 3886 sensus,
1319 3821 1384 3874 nulli

317 3906 427 3976 igniculi
441 3910 542 3982 ingenii
558 3910 671 3964 emicant
676 3912 764 3978 juveni
779 3910 808 3962 in
822 3907 915 3975 corde,
933 3907 986 3962 hoo
1000 3918 1052 3970 est,
1066 3907 1147 3960 hebes
1163 3916 1190 3959 et
1202 3907 1315 3959 obtusus
1328 3915 1384 3966 ert,

317 3988 454 4058 ingenium
468 3993 576 4048 turdum
588 4007 616 4048 et
628 3993 779 4065 torpidum,
799 3992 843 4046 cui
855 4011 904 4046 nec
917 3993 997 4062 rigor
1010 4007 1060 4044 nec
1075 3989 1146 4044 acies
1158 4000 1209 4042 est.
1230 3988 1328 4042 Contra
1341 4006 1384 4038 cer

314 4073 357 4120 ‘5⁶²'
370 4074 495 4139 rueretis,
504 4077 576 4148 spud
586 4084 657 4132 l'ers.
669 4080 727 4144 111,
737 4095 794 4143 111,
807 4089 834 4132 et
845 4077 937 4132 Senec.
946 4077 1058 4147 Thyest.
1071 4073 1133 4145 756.
1145 4072 1269 4126 Verbum
1279 4073 1336 4124 salit
1344 4068 1382 4123 nd

316 4153 344 4206 id
353 4154 473 4226 respicit,
485 4159 558 4228 qnod
572 4161 646 4214 cordi
656 4162 805 4234 precipuus
814 4174 855 4216 est
863 4149 936 4214 calor
941 4172 967 4222 et
977 4157 1136 4232 pupienum
1148 4156 1216 4212 Brit.
1227 4186 1264 4198 -—
1275 4157 1383 4210 Arcadi·
