3056 4984
301 437 364 525 396
446 438 618 506 VARIAE
648 439 941 505 LEC'l'IONES
972 440 1035 506 ET
1064 439 1220 506 NOTAE

298 552 372 606 locus
385 564 411 604 et
423 551 526 606 occasio
538 551 575 603 ibi
586 549 688 616 desiut;
703 571 751 604 nec
764 551 873 617 issum,
886 552 934 624 qui
942 570 1050 624 negem,
1064 554 1086 606 si
1099 554 1188 607 sedem
1201 552 1366 604 fortunarum

298 647 401 688 tuarum
415 637 441 687 in
456 635 521 688 vicis
533 633 657 698 desertis,
677 636 766 708 quales
780 648 840 688 suut
853 635 930 688 Gabii
944 648 969 688 et
982 634 1099 702 Fideuse,
1113 655 1166 689 non
1180 637 1272 688 lloussr
1286 633 1367 686 collo·

220 777 221 782 η
297 739 384 784 cares,
396 718 550 791 pudicitiam
564 719 653 771 uxoris
663 718 782 772 eamdem
793 718 828 771 ob
838 736 955 771 cromam
968 719 1050 790 magis
1059 719 1156 772 salvem
1166 731 1194 771 et
1208 719 1367 772 incolumem

297 802 345 854 tibi
356 803 420 856 l'ore.
433 805 465 854 Aa
478 803 537 874 quis
548 815 651 874 prestet
658 807 673 864 ,²
675 802 741 855 nihil
749 805 802 874 jam
816 813 889 854 antee
902 801 929 854 iu
943 802 1075 856 montibus
1089 802 1258 854 commissum
1271 798 1367 853 fnisse?

298 885 372 938 Adeo
382 906 464 958 prona
479 899 516 939 est
528 887 554 938 in
566 886 703 940 libidinem
712 887 797 940 omnis
810 885 903 938 mulier
916 897 941 938 et
951 897 1038 937 mutus
1049 885 1166 956 undique
1175 901 1302 936 numerus
1310 901 1367 936 cor·

298 981 452 1041 ruptorum,
465 982 494 1022 ut
509 989 585 1022 nemo
596 989 673 1024 sunus
684 989 733 1042 pro
744 982 816 1023 certo
825 969 957 1022 affirmare
966 968 1062 1040 possit,
1072 969 1199 1039 integram
1210 979 1237 1019 et
1246 968 1368 1018 intactum

299 1069 371 1117 esse,
382 1071 460 1124 quam
471 1052 637 1105 matrimonio
648 1054 699 1105 sibi
710 1056 810 1126 jungat.
820 1078 831 1098 ι
844 1051 917 1105 Hanc
930 1070 993 1104 vero
1004 1052 1244 1124 interpretationem
1258 1049 1369 1100 multum

299 1153 314 1186 a
326 1153 382 1188 mea
392 1133 511 1206 differre,
521 1137 578 1189 eive
589 1136 778 1209 preferendam
791 1155 855 1202 esse,
867 1154 920 1188 non
933 1137 993 1189 satis
1007 1135 1071 1188 mibi
1082 1137 1173 1207 liquet.
1186 1134 1296 1188 Confer.
1307 1132 1368 1184 var.

300 1217 374 1271 Lect'.
382 1222 565 1292 —Gabiiopp
574 1219 965 1283 Latii,etFideaoeSubinorum.
973 1219 1091 1292 Utraque
1099 1221 1160 1274 urbs
1167 1222 1258 1272 Rome
1264 1215 1371 1290 propin·

301 1321 370 1376 qua,
383 1315 408 1355 et
421 1303 484 1356 olim
496 1322 587 1377 magua
601 1304 651 1357 luit
662 1323 692 1356 sc
705 1305 843 1375 frequens;
855 1301 912 1356 vid.
924 1302 1033 1376 Dionys.
1048 1303 1105 1356 Hal.
1119 1304 1161 1369 ΙΙ,
1172 1321 1232 1376 pag.
1247 1304 1297 1353 s.6
1308 1297 1371 1367 ;sed

300 1398 390 1458 postea
403 1385 525 1458 ignobilis
535 1401 561 1441 et
570 1387 679 1442 desem
690 1387 768 1442 conf.
779 1386 848 1440 infra
859 1386 895 1446 X,
907 1403 971 1453 roo,
983 1399 1008 1438 et
1016 1387 1108 1440 Horat.
1121 1386 1204 1457 Epist.
1218 1385 1242 1448 1,
1257 1399 1300 1451 11,
1308 1401 1335 1452 7,
1343 1381 1370 1434 8.

293 1541 297 1546 '
338 1559 406 1606 vis.
424 1559 465 1606 sa.
479 1559 624 1624 suspicis„
640 1560 700 1609 oum
718 1559 849 1625 tegendum
868 1575 935 1607 sss:
956 1557 1025 1606 rua
1037 1557 1121 1605 Gabiis
1133 1554 1199 1622 (1100
1210 1565 1262 1617 ssi,
1276 1553 1372 1601 avem·

304 1640 331 1686 in
343 1640 455 1704 oppidis,
470 1658 616 1706 quemquem
628 1644 710 1708 parvis
722 1659 750 1691 sc
763 1642 879 1702 desertis,
893 1641 984 1690 nedum
998 1639 1115 1703 Romae),
1129 1651 1156 1686 ut
1167 1637 1238 1687 vixit
1250 1637 1277 1685 iss
1289 1639 1372 1700 effu!

305 1726 376 1775 Vivet
388 1729 420 1776 its
440 1728 557 1778 Fidenis?
575 1731 608 1778 Et
619 1731 714 1796 agello,
726 1741 771 1780 etc.
790 1731 885 1779 Mutato
902 1740 984 1777 tamen
1002 1727 1160 1776 distinctione
1178 1727 1253 1794 (nan
1271 1723 1374 1790 vulgetis

305 1819 341 1858 est
354 1810 406 1858 bsec
419 1846 425 1858 ·
518 1882 606 1941 ungu·
617 1891 695 1927 um
707 1880 768 1926 sm.
780 1889 816 1926 est
827 1879 950 1940 cujusdem
963 1895 1019 1926 rnre
1030 1889 1134 1942 paterno

520 1956 636 2002 Viventis.
650 1956 719 2002 Visst
732 1955 828 2008 Gabiis,
839 1965 867 2001 ut
878 1955 937 2002 visit
950 1955 974 2001 in
987 1971 1061 2018 agros

521 2031 590 2077 Visst
603 2030 710 2087 Fidenis,
723 2039 747 2076 et
759 2030 837 2094 agello
850 2029 910 2077 cedo
921 2039 1031 2092 paterno.

480 2153 483 2161 ,
522 2105 595 2162 Quis,
608 2106 669 2167 etc.)

307 2192 485 2258 expeditiorem
496 2194 542 2242 leci
552 2193 696 2242 sententium
705 2192 731 2240 b.
741 2193 757 2240 l.
771 2193 802 2241 de
814 2207 862 2256 qua
875 2192 1020 2257 interpretes
1030 2207 1117 2256 psrurn
1126 2191 1195 2238 fuere
1203 2189 1310 2239 solliciti.

342 2305 407 2351 Vn.
426 2303 468 2364 57·
486 2302 565 2360 Cede,
583 2319 625 2362 so,
637 2305 681 2364 bt,
697 2320 738 2383 77.

556 2398 679 2443 ...Nini
689 2395 784 2448 Gsbiis.
795 2405 821 2443 ut
831 2395 889 2441 visit
899 2394 924 2440 in
934 2409 1004 2456 egros

525 2472 594 2518 Vivst
605 2471 715 2527 Fidenis,
727 2481 754 2518 ut
766 2471 842 2533 sgello
855 2469 913 2516 cedo
925 2477 1027 2530 peteme

311 2559 538 2624 legendnm-cemes
548 2562 650 2620 Mauso,
663 2571 691 2608 nt
703 2559 750 2608 sibi
764 2569 876 2608 constent
887 2557 968 2608 oratio
982 2555 1150 2620 orationisque
1163 2554 1290 2616 membra,
1304 2563 1329 2601 et
1337 2569 1378 2604 ne·

208 2645 211 2652 ’
312 2645 404 2692 minem
417 2643 445 2691 id
457 2643 546 2692 vidisse
560 2643 668 2692 miretur.
681 2642 747 2692 Mihi
759 2644 842 2708 potius
854 2642 929 2690 verbs
939 2641 974 2689 sic
985 2641 1100 2706 languere
1110 2639 1234 2688 videntur.

344 2748 413 2801 Nor.
434 2747 476 2816 59.
496 2751 593 2815 Jupiter
604 2761 629 2800 ee
640 2753 717 2806 Mars,
731 2747 778 2818 qui
793 2747 820 2798 iu
833 2746 981 2811 montibus,
994 2745 1126 2819 speluncis
1138 2745 1265 2817 silvisque
1276 2755 1316 2796 tot
1328 2742 1380 2794 rir-

310 2830 382 2902 giues
399 2831 547 2902 corrupisse
559 2829 695 2893 diruetur,
714 2832 778 2881 adeo
791 2845 936 2890 renuamus,
957 2829 1057 2882 adeone
1069 2829 1170 2882 viribus
1182 2846 1238 2900 prae
1251 2837 1381 2882 senectute

311 2913 429 2966 exhausti
440 2925 517 2977 sunt,
528 2925 557 2967 ut
566 2932 620 2966 non
630 2913 743 2986 amplius
755 2914 839 2966 amori
850 2913 987 2986 indulgere
999 2912 1119 2987 possint?
1132 2913 1184 2965 boo
1192 2924 1246 2976 est,
1258 2923 1381 2984 putasne,

309 2999 366 3050 ruri
380 3010 406 3050 et
419 2998 445 3049 in
459 2999 523 3052 locis
536 3000 680 3070 agrestibus
691 3018 743 3052 non
756 2998 880 3071 emplius,
893 3011 923 3051 ut
935 3000 998 3051 olim
1012 3010 1037 3051 et
1050 3001 1102 3070 jam
1116 2996 1306 3068 antiquissimis
1319 3007 1381 3048 ten·

310 3081 419 3154 poribus
428 3080 511 3148 (conl.
519 3081 617 3134 Tibull.
630 3081 669 3146 11,
682 3101 705 3149 r,
715 3085 760 3154 67,
771 3085 850 3153 serp),
860 3094 949 3154 stupra
958 3092 984 3132 et
994 3079 1119 3132 adulteris
1128 3077 1270 3136 committi.
1285 3095 1383 3130 omnes·

311 3183 364 3237 que
377 3164 414 3215 ibi
427 3163 542 3216 moechos
555 3181 629 3218 senes
643 3183 713 3226 esse,
732 3183 845 3238 quorum
858 3177 965 3237 pectore
979 3182 1031 3216 non
1046 3162 1158 3235 emplius
1169 3161 1268 3213 amoris
1282 3159 1384 3232 ignibus

313 3246 489 3300 incalescant?
500 3246 593 3300 Facete
604 3248 673 3300 euim
687 3260 778 3321 poeta,
790 3265 851 3320 quse
863 3246 897 3300 ed
911 3245 1026 3300 moeebos
1037 3255 1172 3317 spectant,
1184 3243 1384 3314 serimusque

313 3331 419 3394 tribuit;
431 3344 455 3384 et
468 3331 622 3396 bominum,
636 3350 688 3384 uon
698 3331 810 3384 deorum
820 3373 827 3397 ,
839 3349 939 3384 eruor-es
951 3342 1087 3402 poetarum
1097 3326 1193 3380 fabulis
1203 3325 1332 3378 declarari
1344 3325 1384 3376 in·

312 3417 381 3471 nuit.
395 3417 521 3470 Similiter
532 3415 629 3469 Seneca
643 3415 714 3489 apud
728 3417 845 3470 [iactant.
861 3416 891 3480 1,
908 3417 955 3466 16:
972 3411 1065 3477 «Quid
1079 3429 1140 3482 ergo
1153 3422 1206 3476 est,
1219 3427 1303 3480 qum
1316 3405 1385 3480 apud

312 3514 402 3575 poetes
419 3499 591 3553 salacissimus
608 3500 711 3571 Jupiter
729 3498 836 3553 desierit
853 3498 949 3550 liberos
967 3493 1077 3548 tollere?
1098 3505 1187 3546 utrum
1203 3491 1386 3565 sexagenarius

314 3586 399 3638 lactus
412 3594 466 3649 est,
476 3595 502 3634 et
515 3582 552 3634 illi
565 3581 606 3634 lex
616 3581 695 3652 Pupia
707 3581 814 3634 libulnm
827 3579 892 3650 (rid.
908 3578 941 3632 sd
953 3599 991 3632 vs.
1008 3577 1051 3646 73)
1064 3574 1227 3648 imposuit?-

350 3682 418 3733 Nor.
439 3683 473 3732 60
485 3697 539 3750 seq.
554 3679 630 3730 Poeta
642 3681 696 3748 jam
709 3677 834 3732 describit
848 3676 970 3728 libidines
982 3674 1123 3727 mulierum
1136 3675 1213 3724 llum.
1228 3689 1260 3725 sc
1271 3670 1384 3742 primum

315 3765 373 3818 loca
384 3805 391 3826 ,
402 3763 646 3836 qumsrequeuteut,
657 3773 682 3814 et
694 3762 739 3814 ubi
750 3773 820 3814 caste
830 3759 977 3831 reperiatur
985 3757 1064 3809 nulls.
1075 3758 1115 3808 De
1121 3755 1172 3819 bis,
1184 3772 1220 3807 sc.
1230 3752 1385 3825 porticibus,

316 3848 434 3911 theatris,
448 3847 536 3910 circis,
548 3845 619 3910 loris,
633 3845 704 3899 conl.
719 3843 797 3897 simil.
813 3843 863 3894 loc.
876 3840 956 3894 Ovid.
970 3842 1026 3892 Art.
1039 3841 1098 3892 Am.
1114 3840 1137 3898 Ι,
1149 3845 1181 3904 ⁴9
1188 3855 1242 3908 seq.
1256 3839 1382 3906 67-264.

317 3936 424 3983 Porticus
435 3931 622 3984 ambulationes
631 3930 759 3983 columnis
768 3945 898 3998 suspense
909 3923 1063 3994 exedrisque
1070 3923 1203 3976 instructu
1212 3921 1282 3973 cirus
1294 3930 1319 3972 et
1330 3929 1385 3970 ente

317 4014 412 4085 templa
431 4013 592 4084 edificiaque
606 4025 656 4065 tam
675 4011 779 4084 publica
795 4008 1006 4083 quamprimo,
1031 4007 1074 4060 vel
1087 4006 1115 4059 in
1128 4005 1195 4059 atrio
1207 4014 1233 4058 et
1245 4001 1384 4075 impluvio,

319 4113 381 4168 quae
396 4095 457 4150 solis
470 4096 591 4148 ardorem
603 4095 771 4166 pluviamque
785 4093 915 4146 arcebant.

354 4187 421 4242 Nor.
442 4190 484 4242 61.
503 4192 660 4256 spermata,
677 4187 775 4241 theatra
790 4201 815 4242 et
835 4183 1035 4258 amphitheatrs.
1051 4213 1085 4226 -
1099 4182 1177 4234 canat
1185 4177 1291 4234 ordines
1303 4195 1334 4233 ae
1344 4193 1382 4230 se·
