3108 4986
333 413 395 490 254
490 413 663 500 VAaIAE
683 415 977 482 LECTIONES
997 417 1064 480 ET
1087 415 1237 484 NOTAE

330 531 455 596 magister,
468 525 627 596 gubernem
638 527 719 590 naso,
728 525 775 578 Sil.
788 523 839 589 IV,
853 540 904 594 7¹7
914 523 979 592 (alsi
991 523 1052 578 ride
1064 523 1182 593 Dssk.);
1194 515 1297 594 ἔκυψε
1306 517 1402 583 ndns

331 619 358 660 es
371 603 447 674 κόι,
458 595 604 674 emelinae,
616 619 644 660 et
653 605 733 659 alian

364 703 433 757 Nor.
454 705 488 766 46
501 723 540 774 sq.
555 704 668 775 Pontifici
682 719 786 760 nanno,
806 698 974 764 Domitiano,
994 702 1070 772 cujus
1082 699 1250 754 Pontificense
1267 699 1400 752 maximas

331 805 364 840 ex
376 786 449 839 ereis
462 787 544 858 ipsius
556 787 644 839 numia
657 797 743 837 notus.
761 781 888 835 llasmdem
903 783 1076 854 Imperatores
1088 783 1123 834 ab
1135 781 1251 853 Angusto
1266 799 1353 856 osque
1365 779 1400 833 ad

330 869 484 922 Gratianum
501 869 553 924 sisi
568 868 738 923 vindicabant
757 867 823 931 soli,
844 878 871 918 et
889 864 996 936 quidem
1015 864 1205 936 sapientissimo
1224 865 1348 930 oonsilio,
1369 875 1401 915 nt

224 965 226 970 '
330 952 527 1024 sacrisqnoqne
537 963 689 1023 praessent,
699 963 725 1004 et
737 949 877 1021 religione,
892 947 1070 1002 efficacissima
1083 945 1118 999 ad
1131 946 1231 999 animos
1243 947 1328 1020 plebis
1339 943 1400 1000 mo·

329 1033 445 1096 nendos,
462 1034 656 1106 imperiumque
668 1030 856 1086 continendum
870 1047 913 1095 re,
928 1029 1073 1082 rationibus
1086 1029 1252 1101 consiliisque
1265 1029 1319 1082 suis
1331 1045 1399 1082 con·

330 1116 466 1173 venientes
477 1127 583 1188 possent
592 1117 640 1170 uti.
652 1115 731 1170 Conl.
744 1117 812 1169 Diss.
826 1113 943 1166 Bohierii
954 1115 965 1181 (
972 1113 999 1164 in
1010 1123 1073 1165 tom.
1084 1111 1108 1162 V
1121 1113 1188 1165 Hist.
1200 1112 1281 1166 seed.
1298 1115 1399 1179 lustr.)

330 1215 356 1256 et
367 1201 453 1268 Bosii;
468 1200 609 1273 Spanlsem.
623 1200 658 1254 de
667 1201 729 1254 Usu
742 1211 768 1252 et
779 1199 822 1252 Pr.
836 1199 916 1251 Num.
930 1198 997 1251 Dies.
1011 1197 1165 1268 v111‚pag.
1178 1201 1228 1265 691
1240 1215 1295 1270 seq.
1308 1197 1398 1268 Vulgo

329 1297 434 1359 putant,
447 1297 552 1357 poetam
565 1284 708 1357 respexisse
719 1284 770 1336 hoc
783 1283 843 1335 loeo
853 1281 886 1335 ad
896 1281 1043 1336 sacerdotes
1054 1281 1183 1346 Albanos,
1197 1299 1311 1353 quornm
1322 1283 1398 1353 qussi

328 1369 449 1423 Pontifex
460 1385 528 1422 max.
543 1367 622 1420 inerit
630 1367 806 1421 Domitianus.
818 1366 898 1419 Conf.
914 1365 948 1418 ad
961 1365 1007 1430 ll,
1021 1365 1054 1426 84
1065 1383 1120 1436 seq.
1136 1375 1160 1417 et
1171 1365 1238 1416 infre
1248 1363 1283 1417 ad
1294 1383 1334 1418 vs.
1343 1368 1396 1428 δε,

331 1471 397 1518 roo,
416 1453 474 1515 145.
489 1451 596 1506 Rectius
609 1463 723 1505 mentem
737 1454 792 1523 ejns
807 1450 876 1522 oepit
889 1449 986 1521 Grang.
998 1448 1045 1522 qni
1058 1459 1158 1508 monet,
1177 1447 1309 1519 signanter
1321 1447 1396 1500 illum

329 1538 401 1586 Ponti
432 1533 564 1601 edixisse,
581 1546 611 1587 nt
627 1545 743 1606 tangeret
757 1533 898 1604 Pontificum
909 1552 1003 1593 caenas,
1022 1550 1055 1584 ex
1071 1549 1183 1604 quamm
1200 1532 1265 1583 lusu
1278 1531 1321 1583 vel
1333 1549 1397 1603 pro-

328 1619 417 1672 verbia
430 1630 506 1684 nata,
523 1618 557 1671 de
572 1619 669 1690 quibus
681 1617 743 1672 vide
755 1618 899 1670 Erasm-
908 1618 968 1684 Quis
986 1618 1048 1667 enon
1061 1619 1150 1682 ulem,
1167 1625 1268 1667 nntnm
1281 1615 1397 1687 piscem,

324 1719 458 1770 proponere
471 1702 606 1763 venalem,
618 1701 750 1767 vendere,
763 1700 818 1754 scil.
828 1701 887 1766 alii,
898 1717 978 1772 quam
988 1699 1142 1772 Imperatori
1152 1737 1161 1764 ,
1172 1712 1217 1749 ant
1226 1717 1319 1759 nnete,
1338 1697 1396 1753 scil.

328 1783 409 1850 alias,
426 1796 521 1856 praeter
534 1783 671 1849 eumdem,
689 1788 805 1838 auderet.
825 1795 933 1856 propter
945 1783 1018 1854 'leges
1036 1782 1224 1854 sumptuarias,
1243 1794 1289 1835 eut
1309 1783 1397 1853 gulam

328 1868 454 1934 cesaris,
469 1880 495 1920 et
506 1879 605 1921 metum
619 1866 769 1929 delationis,
780 1885 852 1934 qaum
864 1879 889 1916 ot
903 1867 987 1925 litora,
1006 1865 1060 1936 ipsa
1075 1866 1153 1918 etiam
1167 1865 1259 1932 litora,
1272 1884 1328 1918 non
1340 1867 1396 1918 fors

327 1963 444 2016 tantum,
458 1969 602 2021 omnesque
615 1950 695 2003 Urbis
709 1961 795 2020 partes
802 1988 810 2014 ,
818 1949 988 2016 plenescunt
999 1949 1167 2000 delatoriw

362 2097 430 2144 Vsa.
449 2105 491 2166 47.
511 2091 626 2152 Audebit,
643 2109 681 2142 so.
694 2119 728 2129 -
743 2091 801 2140 ilsee
813 2089 896 2148 litora,
909 2105 951 2148 ar,
964 2091 1005 2139 so.
1019 2087 1058 2137 En
1072 2087 1159 2149 litore,
1174 2093 1220 2155 59,
1231 2093 1281 2152 oo,
1292 2093 1328 2140 65
1335 2127 1343 2150 ,
1354 2095 1395 2156 69.

327 2177 409 2242 Vulgo
416 2187 473 2242 post
479 2175 685 2240 auderetslgnum
694 2175 810 2238 interrog.
819 2173 928 2238 ponitur,
936 2182 960 2220 et
968 2183 1024 2237 post
1025 2171 1113 2238 forent
1120 2173 1193 2223 oolon
1202 2185 1243 2223 aut
1252 2176 1396 2223 semloolon.

363 2275 430 2322 Vsa.
449 2273 491 2330 48.
503 2272 613 2339 Dispersi
623 2273 716 2339 (immo
726 2267 856 2336 ds'spersoe)
866 2280 980 2334 protenus
988 2267 1043 2317 alni
1050 2269 1061 2337 (
1067 2269 1115 2319 hoo
1125 2283 1176 2332 est,
1189 2273 1289 2322 navium
1300 2273 1397 2322 naufra-

326 2373 411 2424 garnm
418 2367 442 2403 et
448 2353 796 2420 dIspersnrnm)1nqnisitores,
809 2353 892 2418 quales
901 2365 971 2402 erant
980 2353 1098 2402 Paliurins
1107 2365 1131 2402 et
1140 2356 1290 2416 Armillatns,
1298 2357 1397 2407 emend.

328 2440 446 2490 Grtevins.
460 2438 611 2486 Praestltisset
623 2439 670 2487 alti
684 2437 791 2504 (maris)
804 2436 966 2504 inquisitores,
985 2436 1024 2484 vel
1041 2437 1093 2486 alto
1110 2437 1152 2501 (in
1171 2440 1248 2498 mari,
1265 2455 1312 2504 per
1330 2456 1396 2488 mare

328 2524 401 2572 etiam
412 2521 549 2588 dispersi),
561 2522 601 2570 vel
611 2522 677 2570 anloe
686 2521 849 2587 Inan'sitoses,
863 2521 912 2570 ie.
923 2521 1042 2572 delatores
1048 2521 1156 2572 Curris.
1163 2521 1212 2570 Sed
1219 2523 1315 2590 vulgata
1322 2524 1395 2576 lectio

326 2606 457 2671 aptissima.

360 2695 431 2748 Nor'.
451 2695 494 2757 48.
508 2697 636 2762 ,Βίεμηὴ
653 2712 705 2766 per
721 2696 809 2748 omnia
827 2695 903 2752 litora
923 2713 1067 2769 eorumque
1081 2697 1138 2754 loca
1148 2697 1249 2770 ¹passini
1263 2698 1317 2752 hue
1330 2699 1396 2755 illuc

325 2777 478 2842 volitantes,
492 2778 643 2845 inquisitores
654 2781 735 2846 alga,
749 2775 893 2844 delatores,
905 2778 989 2850 ipsam
1002 2797 1107 2850 quoque
1119 2778 1203 2850 algam
1217 2779 1394 2852 explorantes,

325 2879 360 2914 ne
371 2860 486 2933 piscator
497 2859 524 2912 in
537 2859 685 2926 ealateret,
694 2875 813 2929 protem
823 2875 927 2929 agerent
937 2863 1073 2934 precibm,
1089 2863 1247 2934 argumentis
1258 2881 1288 2919 ae
1300 2865 1396 2928 minis,

324 2963 379 2993 aens
395 2944 485 3010 mmske
501 2945 580 3004 nudo,
598 2942 728 3014 piscatore
744 2961 860 3016 paupere
876 2946 1034 3011 remisero,
1055 2957 1085 2998 nt
1101 2944 1172 3012 vll,
1191 2944 1241 3009 3⁵,
1258 2948 1301 3000 vel
1321 2947 1392 3013 tob,

325 3026 368 3078 vel
380 3025 490 3091 mermi,
502 3026 544 3079 vel
554 3025 670 3098 presidii
679 3028 862 3099 expiem-nisi
873 3030 964 3096 malis,
977 3043 1077 3100 agerent
1089 3048 1207 3088 cautum
1216 3049 1291 3091 mm
1301 3051 1325 3088 a.
1339 3033 1394 3103 lege

323 3129 379 3162 earn
386 3113 477 3178 rumpe
487 3110 558 3182 apud
563 3109 668 3183 ¹judiees
678 3111 817 3185 ipsumque
827 3113 1015 3186 Imperatorem
1027 3133 1033 3166 :
1044 3131 1091 3166 non
1103 3115 1239 3172 natinari
1245 3154 1253 3179 ,
1264 3127 1315 3171 etc.
1326 3117 1394 3173 Gra·

323 3192 403 3264 phiea
417 3194 503 3264 imago
513 3193 660 3248 delatorum
672 3207 700 3248 et
714 3195 798 3266 gulosi
814 3199 935 3269 tyranni,
949 3197 1102 3269 singulaque
1112 3198 1191 3253 verba
1206 3199 1231 3254 ei
1243 3199 1394 3273 aptissima,

322 3277 409 3330 sihoc
420 3277 500 3333 modo
513 3297 543 3332 ea
553 3279 711 3350 exposueris
728 3291 755 3332 et
766 3277 924 3336 distinxeris.
940 3280 1028 3352 Vulgo
1037 3292 1126 3338 antem
1144 3285 1205 3350 alga
1221 3283 1264 3338 vel
1284 3283 1318 3336 de
1339 3295 1395 3346 toto

324 3361 390 3412 mari
407 3379 438 3414 ac
457 3361 548 3425 litore,
570 3361 612 3412 vel
624 3359 659 3417 de
672 3363 750 3418 rebus
764 3363 841 3418 etiam
854 3361 992 3418 levinimis
1010 3365 1056 3431 (ut
1067 3363 1140 3436 apud
1157 3364 1232 3436 Vfug
1246 3365 1303 3418 nel.
1320 3365 1394 3431 vn,

324 3447 372 3504 Aa,
385 3453 416 3494 ,et
432 3442 524 3494 Horat.
539 3440 594 3496 Set.
614 3443 660 3508 11,
679 3443 711 3510 5,
724 3445 763 3513 ,8)
780 3446 925 3517 ancipitum
944 3457 969 3498 et
982 3459 1083 3514 agerent
1094 3447 1194 3504 dictum
1207 3459 1315 3520 putatur
1325 3467 1394 3521 pro,

322 3537 428 3598 egerent
439 3543 531 3591 retmt,
544 3539 711 3593 aoennrmt,
728 3539 754 3582 et
767 3528 794 3582 in
803 3531 846 3601 jas
857 3539 987 3601 raperent.
1001 3529 1061 3588 Noa
1073 3531 1164 3602 ignoro
1176 3531 1298 3602 quidem,
1312 3535 1393 3588 verba

320 3627 405 3678 agere,
412 3612 531 3662 moisen
540 3620 679 3662 etaotorern
685 3627 763 3666 senen
775 3610 871 3666 lorensi
883 3610 1003 3664 adhiberi
1011 3610 1046 3664 de
1054 3624 1204 3668 acematore
1212 3614 1254 3666 tel
1264 3615 1392 3685 petitore:

323 3691 346 3744 is
358 3709 423 3746 vero
433 3709 486 3744 non
497 3711 551 3744 narn
562 3693 659 3760 aliquo,
672 3693 719 3746 sed
729 3697 755 3746 in
767 3697 873 3763 aliquan
885 3712 916 3748 ex
928 3694 984 3766 lege
993 3694 1108 3766 quadam
1118 3714 1195 3766 agere
1205 3695 1393 3758 dieiturseen-

323 3772 421 3838 sendo,
439 3773 481 3826 sel
498 3773 620 3846 petendo.
629 3773 751 3828 Pessime
765 3794 828 3830 vero
842 3777 963 3830 setrstio
975 3777 1114 3850 Grnngei,
1131 3779 1396 3852 qaitjnngltdispni

742 3947 788 3966 W*
791 3945 972 3967 mmm

362 4075 371 4099 ¹
383 4068 455 4118 Confi
468 4072 594 4136 ldnsgrav.
606 4083 630 4119 st
642 4075 769 4136 lloeplner
781 4073 811 4122 sd
822 4073 906 4138 Eorip.
918 4073 985 4139 Cyol.
996 4088 1030 4120 vs
1042 4073 1090 4132 ⁸6,
1101 4083 1126 4120 et
1135 4073 1231 4122 Stanlei.
1242 4073 1275 4122 ad
1283 4073 1392 4138 AEsolsyll

324 4151 388 4197 Pers.
402 4169 438 4199 vs.
454 4151 519 4213 ³7⁸,
532 4155 589 4203 sss.
