3108 4986
328 455 392 533 284
602 459 642 522 D.
670 460 807 524 JUN11
835 460 1120 526 IUVENALIS

326 571 370 637 Et
385 583 546 655 tremere,
563 587 597 640 et
613 573 727 640 sordes
744 572 843 642 farris
859 575 1013 642 mordere
1031 574 1163 644 canini?

372 677 488 747 Primo
505 681 571 776 lige
588 681 683 770 loco,
701 683 792 778 quod
809 698 845 755 tu
862 683 1072 754 discumbere
1086 685 1197 777 jussus

326 788 521 856 Mercedem
539 789 677 859 solidam
693 807 847 860 veterum
865 792 956 886 capis
972 791 1174 863 officiorum.

326 896 467 964 Fructus
483 899 636 969 amicitiae
652 926 781 996 magnae
799 902 893 970 cibus
909 929 917 969 :
936 903 1080 996 imputat
1096 903 1188 973 huuc
1200 927 1275 986 rex,

325 1005 385 1088 Et,
402 1009 552 1098 quamvis
568 1035 698 1095 rarum,
716 1024 828 1079 tamen
846 1012 998 1104 imputat.
1016 1016 1107 1108 Ergo
1125 1013 1209 1082 duos
1227 1026 1304 1106 post
1367 1023 1397 1076 1⁵

326 1114 360 1181 Si
378 1113 473 1184 libuit
487 1143 617 1187 menses
634 1120 824 1215 neglectum
840 1121 1003 1190 adhibere
1020 1121 1197 1208 clientem,

326 1223 438 1290 Tertia
454 1249 496 1292 ne
513 1251 618 1294 vacuo
635 1244 780 1296 cessaret
796 1230 918 1299 culcita
935 1230 1041 1316 lecto;

327 1332 405 1398 Una
420 1334 536 1418 simus,
552 1336 609 1402 ait.
627 1335 794 1404 Votorum
811 1335 955 1405 summa!
974 1335 1056 1431 quid
1074 1337 1161 1406 ultra
1368 1427 1373 1438 .

327 1439 480 1527 Quaeris?
495 1442 596 1510 habet
611 1444 770 1528 Trebius,
788 1459 931 1538 propter
948 1445 1039 1539 quod
1056 1471 1213 1540 rumpere
1230 1471 1388 1515 somnum

328 1552 477 1636 Debeat,
495 1568 529 1620 et
543 1552 660 1649 ligulas
676 1555 866 1640 dimittere,
884 1553 1063 1638 sollicitus,
1078 1580 1121 1624 ne
1368 1586 1402 1622 ιο

327 1663 412 1728 Tota
428 1661 599 1730 salutatrix
609 1665 680 1756 jam
697 1663 796 1732 turba
813 1664 984 1757 peregerit
999 1665 1117 1734 orbem

328 1769 500 1839 Sideribus
516 1769 642 1860 dubiis,
660 1787 719 1842 aut
735 1773 792 1842 illo
812 1789 985 1868 tempore,
1006 1797 1074 1868 quo
1092 1795 1127 1842 se

328 1880 461 1973 Frigida
478 1882 711 1978 circumagunt
726 1880 814 1978 pigri
829 1905 961 1952 sarraca
976 1887 1099 1953 Bootae.

377 1990 493 2077 Qualis
508 2015 603 2061 coena
617 1991 753 2062 mmen?
767 1991 902 2078 vinum,
919 1991 1011 2088 quod
1027 1993 1142 2063 sucida
1156 1991 1243 2063 nolit

329 2101 423 2170 Lana
439 2104 508 2196 pati
526 2128 533 2170 :
551 2103 592 2172 de
609 2105 751 2173 conviva
769 2103 961 2198 Corybanta
977 2101 1115 2173 videbis.
1371 2115 1402 2165 25

332 2341 407 2414 dixi,
423 2344 493 2400 locis
507 2343 593 2420 longe
608 2343 755 2402 honestius
766 2355 846 2404 certe
859 2343 913 2400 tibi
925 2344 963 2400 sit
974 2343 1068 2422 rigere
1081 2342 1204 2419 frigore,
1220 2362 1253 2398 aa
1268 2341 1403 2400 furfureo

330 2436 508 2510 sordidoque
520 2456 621 2492 cauum
636 2427 709 2512 pane
720 2435 814 2494 vesci?

373 2548 417 2584 ιι.
438 2530 566 2589 Primum
581 2532 637 2587 hoc
652 2529 705 2586 tibi
718 2529 810 2587 fixum
826 2529 924 2591 animo
940 2529 1029 2598 habe,
1049 2545 1159 2586 coemm
1175 2529 1249 2585 hanc
1264 2529 1303 2584 ad
1317 2545 1403 2602 quam

331 2622 500 2678 accumbere
518 2633 546 2677 te
565 2622 645 2680 dives
661 2624 756 2696 jubet.
769 2624 850 2682 velut
865 2620 1011 2691 omnium,
1027 2621 1133 2696 mribus
1150 2639 1216 2682 eum
1227 2619 1402 2694 impfidm

332 2712 415 2780 colis,
426 2713 636 2794 obsequiorum·
640 2714 802 2772 mercedem
812 2713 956 2790 integram
965 2712 1018 2770 tibi
1029 2713 1160 2790 rependi.
1168 2715 1220 2770 Est
1228 2711 1275 2770 hic
1285 2711 1403 2771 demun

332 2803 450 2861 illustris
461 2807 590 2862 amicitiae
602 2807 724 2877 fructus,
736 2809 793 2864 boc
806 2805 970 2881 praemium,
981 2817 1014 2862 ut
1026 2806 1172 2864 interdum
1183 2807 1220 2862 ad
1231 2803 1403 2880 capiendum

333 2897 430 2954 cibum
446 2899 597 2956 inviteris?
614 2902 678 2956 Hoc
695 2900 747 2956 tibi
764 2900 889 2976 objectat
905 2897 1011 2955 nobilis
1025 2910 1180 2974 patronus,
1197 2909 1334 2973 tanqum
1350 2896 1403 2953 ali·

334 2991 415 3063 quod
430 3010 565 3066 magnum
580 3011 684 3047 munus
698 3002 727 3048 et
741 2989 942 3062 memorabile;
957 3010 1004 3058 ac,
1016 2989 1084 3046 licet
1094 3009 1191 3046 rarum
1200 2990 1252 3060 sit,
1266 2989 1404 3064 predicat

334 3080 535 3155 nihilominus,
548 3100 580 3137 ac
592 3082 623 3137 iu
634 3084 779 3157 precipua
790 3081 936 3138 rationum
946 3093 1029 3156 parte
1039 3081 1132 3158 pouit.
1144 3083 1262 3156 ltaque,
1273 3080 1299 3136 si
1309 3079 1402 3136 νὶειιω

334 3172 379 3228 illi
397 3173 485 3230 fuerit
501 3185 568 3249 post
580 3189 691 3232 meuses
709 3175 784 3232 duos
800 3183 827 3230 te
845 3174 978 3230 clientem
993 3173 1046 3230 diu
1058 3176 1222 3250 neglectum
1236 3172 1354 3230 tundam
1367 3171 1404 3228 ad

334 3283 443 3321 coenaru
451 3281 571 3336 vocare,
580 3284 617 3322 ue
624 3266 662 3322 sit
669 3283 775 3322 vacuus
786 3265 816 3321 in
826 3265 912 3322 tertio
921 3266 997 3322 lacto
1006 3266 1102 3336 locus3
1113 3264 1265 3334 adesdum,
1275 3263 1404 3342 inquiet,

335 3377 392 3414 uua
404 3358 501 3414 cibum
512 3359 598 3414 ambo
610 3359 762 3434 capiamus.
773 3361 840 3415 llaec
849 3359 898 3415 illa
906 3357 1013 3414 scilicet
1023 3369 1069 3416 est
1077 3368 1167 3427 meta,
1176 3376 1263 3432 quam
1274 3367 1321 3412 tot
1329 3355 1405 3412 rotis

334 3451 496 3508 ambiebas:
511 3453 570 3508 brec
586 3451 635 3508 illa
651 3463 696 3508 tot
712 3453 845 3508 laborum
859 3463 979 3507 tuorum
991 3452 1085 3525 ampla
1100 3470 1215 3509 ureroea
1231 3449 1313 3520 Quid
1327 3467 1404 3524 pn-

335 3555 413 3600 terea
422 3545 565 3618 postulas?
572 3547 632 3601 Hac
641 3555 719 3601 tanta
727 3545 859 3602 mercede
870 3545 991 3600 donatus
999 3543 1123 3600 Trebius
1133 3561 1264 3600 recimere
1271 3540 1405 3617 prolecto

335 3655 397 3693 non
407 3637 508 3705 debet,
518 3637 592 3712 ‘quin
605 3639 758 3712 abrumpat
770 3655 920 3708 somnum,
933 3654 967 3692 ac
977 3634 1093 3691 surcula
1103 3635 1265 3692 mloeoruru
1277 3633 1405 3690 femora-

334 3729 464 3803 liumque
474 3730 615 3806 negligat,
627 3729 762 3786 fasfiuaus
774 3729 976 3804 adpatronum
984 3727 1189 3797 salutandum,
1195 3726 1359 3800 timensque
1369 3743 1406 3781 ue

335 3822 424 3878 ceteri
444 3823 561 3880 clientes
581 3823 640 3896 jam
660 3823 698 3879 ad
716 3823 838 3879 salutern
854 3821 899 3877 illi
919 3819 1071 3877 diceudm
1088 3819 1192 3876 ordine
1212 3837 1265 3876 suo
1283 3818 1406 3892 quisque

335 3915 467 3984 admissi,
480 3916 560 3974 velut
574 3917 607 3972 ia
622 3915 741 3987 orbern,
755 3915 878 3984 fuerint,
895 3915 1007 3971 tametsi
1020 3914 1152 3970 nondun
1164 3915 1249 3988 plane
1262 3909 1407 3989 fugaverit

336 4017 411 4064 astra
432 4009 501 4066 calo
515 4009 564 4065 lux
581 4009 696 4079 oricus,
711 4019 741 4064 et
758 4009 831 4066 illud
845 4019 957 4082 tempus
971 4005 1023 4076 ait,
1038 4006 1071 4062 ἰιι
1087 4025 1148 4081 qrao
1163 4005 1289 4082 frigidus
1300 4007 1408 4062 Bootes

337 4097 430 4154 adbuc
444 4118 528 4156 suum
539 4102 700 4176 plaustrum
711 4119 826 4158 verare
839 4101 919 4157 leuto
931 4118 1005 4176 gyro
1018 4110 1128 4175 pergat.

378 4201 426 4260 ἰ·
445 4194 505 4252 Sed
516 4194 620 4270 ipsam,
635 4213 746 4272 quaeso,
760 4205 873 4253 'ooeuaru
886 4193 1096 4270 expendamus,
1112 4192 1151 4250 ad
1163 4189 1403 4268 quamiuritar'm
