3134 4990
335 471 398 556 554
608 479 651 542 D.
674 475 815 542 JUNII
841 473 1123 540 IUVENALIS

331 595 392 679 Et,
411 594 469 686 qui
484 591 673 690 disppnsat,
687 591 823 684 franget
839 589 910 658 sibi.
926 589 1034 676 Cede,
1050 589 1241 674 Palemon,

330 703 374 768 Et
389 715 505 794 patere
519 701 598 796 inde
612 700 740 794 aliquid
753 699 968 786 decrescere,
988 722 1058 766 non
1074 697 1182 784 aliter,
1199 721 1301 793 quam
1348 739 1398 773 no

331 809 472 877 Institor
486 809 636 880 hibernae
654 809 775 902 tegetis
791 808 949 902 niveique
966 807 1121 894 cadurci,

330 918 525 988 Dummodo
541 945 611 988 non
628 933 763 1015 pereat,
777 917 898 986 mediae
914 917 1006 1011 quod
1019 919 1130 988 noctis
1146 917 1189 986 ab
1203 917 1289 986 hora

330 1029 468 1116 Sedisti,
486 1054 552 1124 qua
568 1055 668 1100 nemo
685 1030 796 1116 faber,
813 1052 881 1122 qua
896 1050 999 1097 nemo
1014 1027 1166 1113 sederet,

329 1137 399 1226 Qui
413 1139 513 1208 docet
527 1138 665 1233 obliquo
680 1139 791 1208 lanam
807 1138 978 1208 deducere
995 1136 1104 1225 ferro;

330 1249 524 1319 Dummodo
542 1274 611 1318 non
631 1265 748 1345 pereat
766 1249 909 1319 totidem
926 1245 1081 1318 olfecisse
1097 1246 1270 1328 lucernas,
1353 1253 1402 1307 nt

330 1356 425 1444 Quot
439 1359 571 1428 stabant
586 1360 698 1455 pueri,
716 1383 822 1454 quum
839 1372 930 1428 totus
945 1357 1084 1428 decolor
1097 1371 1184 1427 esset

332 1465 484 1555 Flaccus,
498 1485 533 1538 et
545 1469 691 1540 haereret
704 1471 804 1565 nigro
821 1468 930 1563 fuligo
945 1469 1090 1538 Maroni.

332 1579 420 1645 Rara
434 1593 545 1648 tamen
558 1604 705 1666 merces,
721 1605 796 1675 quae
809 1581 1007 1674 cognitione
1022 1578 1149 1648 tribuni

332 1681 410 1754 Non
427 1704 534 1780 egeat.
552 1689 618 1758 Sed
632 1714 691 1758 vos
706 1713 808 1760 saevas
824 1689 989 1784 imponite
1003 1688 1110 1783 leges,

332 1794 381 1862 Ut
395 1799 596 1892 preceptori
609 1799 792 1880 verborum
806 1797 924 1893 regula
938 1812 1089 1882 constet,

331 1905 380 1972 Ut
394 1904 483 2000 legat
497 1908 670 1996 historias,
685 1925 843 1980 auctores
855 1909 995 1978 noverit
1007 1929 1143 1992 omnes,

329 2015 504 2110 Tanquam
517 2043 649 2113 ungues
663 2020 854 2114 digitosque
871 2043 967 2104 suos3
983 2032 1022 2087 ut
1038 2017 1126 2085 sorte
1141 2027 1294 2107 rogatus,

330 2125 422 2192 Dum
441 2128 528 2221 petit
543 2144 601 2197 aut
615 2129 777 2214 theunas,
794 2145 854 2197 aut
866 2129 987 2198 Phoebi
1002 2126 1137 2211 balnea,
1152 2125 1243 2192 disat

332 2236 510 2306 Nutricem
523 2241 696 2325 Anchisae,
711 2264 837 2306 nomen
852 2240 1063 2334 patriamque
1075 2259 1231 2305 novercae

330 2440 463 2514 precidit
470 2453 655 2520 reservatque
663 2442 728 2499 sihi.
738 2441 816 2498 Cede
822 2440 888 2515 jure
898 2439 1074 2512 tuo,inielix
1083 2439 1402 2508 Palmamacrneree-

330 2530 397 2588 dem
411 2545 492 2589 tuam
506 2534 546 2590 sic
560 2534 694 2590 imminui
705 2533 899 2611 aeqnopnimo
908 2533 963 2602 ier,
973 2533 1064 2588 instar
1074 2541 1287 2600 mercatorum,
1302 2527 1401 2602 quide

330 2622 429 2698 pretio
438 2626 540 2683 lodicis
551 2625 680 2698 candidi,
697 2637 747 2682 eut
757 2627 890 2700 stragulae
898 2625 936 2682 ad
946 2626 1070 2684 hiemem
1079 2623 1184 2697 vestis,
1203 2620 1285 2696 quod
1305 2618 1400 2694 primo

330 2715 414 2772 aditu
430 2718 614 2789 indicarunt,
633 2717 768 2774 nonnihil
786 2717 956 2796 remittunt,
971 2735 1006 2774 ac
1022 2717 1175 2773 minuunt:
1194 2713 1286 2770 modo
1303 2723 1399 2768 totum

330 2808 403 2864 illud
416 2828 478 2866 non
494 2810 623 2881 amittas,
643 2809 724 2886 qood
739 2810 859 2866 meritus
876 2828 920 2877 es,
936 2825 1029 2884 quum
1047 2826 1063 2863 a
1081 2806 1177 2864 media
1193 2816 1281 2862 noete
1299 2821 1400 2861 sune-

329 2899 413 2972 xisti,
433 2919 467 2957 ao
483 2901 515 2957 in
534 2919 637 2960 museo
655 2902 770 2972 sedisti,
787 2901 875 2957 etiam
894 2911 1051 2973 antequam
1070 2897 1201 2954 vilissimi
1218 2894 1352 2971 opifices,
1370 2905 1400 2951 et

330 2990 422 3062 fabri,
438 3004 489 3050 ant
497 2993 549 3068 qui
560 2996 657 3050 lanam
664 2993 761 3051 ferreo
770 2992 884 3068 pectine
894 2992 1070 3061 carminum,
1080 2989 1139 3046 suis
1146 2988 1179 3044 in
1190 2986 1316 3044 officinis
1325 3004 1400 3062 opus

330 3083 471 3140 iacerent:
485 3088 592 3158 modo,
613 3087 751 3160 inquam,
774 3103 835 3140 non
845 3096 947 3159 pereat
960 3101 1024 3157 qua
1037 3082 1104 3155 jure
1118 3081 1172 3137 tibi
1184 3079 1309 3136 debetur
1318 3095 1399 3134 mer-

330 3193 392 3246 ces,
410 3195 465 3252 pro
483 3195 518 3234 eo
532 3195 620 3254 quem
633 3177 755 3235 hausisti
768 3175 900 3246 naribus,
919 3175 1000 3231 lumo
1017 3185 1046 3229 et
1061 3171 1165 3228 nidore
1180 3181 1225 3227 tot
1238 3169 1399 3227 lucernula-

329 3285 410 3338 rum,
424 3280 498 3343 quot
508 3271 630 3327 aderant
640 3271 671 3327 in
683 3271 779 3326 schola
792 3281 841 3326 tua
854 3267 955 3343 pueri,
973 3283 1103 3341 quorum
1115 3263 1199 3333 libri,
1215 3263 1357 3319 lioratius
1370 3271 1401 3318 et

330 3359 485 3434 Virgilius,
495 3363 560 3437 ipsa
573 3363 693 3439 iuligine
701 3362 802 3418 inlecti
810 3361 927 3436 nigrum
938 3359 1067 3415 colorem
1078 3356 1244 3412 induerent.
1258 3353 1399 3424 Quamvis

328 3465 427 3510 autem
436 3455 693 3528 grammaticorum
704 3473 814 3512 merces
825 3465 883 3510 tam
893 3462 1014 3528 angusta
1026 3451 1079 3520 sit,
1092 3467 1160 3506 raro
1171 3461 1268 3505 tamen
1278 3445 1399 3516 accidit,

330 3562 393 3602 eam
404 3557 437 3602 ut
450 3545 602 3604 obtineant
612 3548 673 3605 sine
684 3547 781 3621 aliqua
793 3547 843 3602 lite
855 3556 885 3603 et
896 3543 990 3602 aerarii
1002 3541 1115 3600 tribuni
1126 3541 1232 3598 edicto.
1246 3541 1291 3596 Ite
1304 3557 1398 3606 nunc,

329 3636 383 3706 ite,
396 3637 504 3711 ingrati
518 3649 667 3712 parentes,
682 3637 764 3695 aede
775 3638 923 3714 magistris
938 3649 996 3693 tam
1009 3638 1083 3694 male
1095 3633 1206 3704 meriti,
1220 3634 1333 3708 pergite
1344 3631 1401 3688 illis

330 3725 497 3786 durissimas
509 3731 586 3806 leges
597 3732 764 3805 imponere,
781 3743 815 3787 nt
823 3731 982 3787 verborum
993 3727 1124 3786 omnium
1137 3727 1253 3803 regulas
1261 3726 1398 3796 mlleant,

330 3829 362 3875 ut
371 3821 522 3897 perlegant
530 3841 630 3880 omnes
639 3823 785 3894 historias,
795 3837 829 3881 ut
839 3821 997 3896 scriptores
1005 3819 1138 3896 cognitos
1147 3816 1400 3892 etperspeetosatl

330 3929 458 3984 unguem
470 3914 610 3986 habeant3
621 3926 655 3970 ut
664 3915 689 3970 si
700 3916 764 3989 quis
775 3915 850 3984 illos,
863 3916 935 3972 dum
947 3914 979 3971 in
991 3914 1096 3970 balnea
1109 3912 1272 3968 thermasre
1284 3929 1316 3966 se
1326 3927 1399 3966 ormd

330 4000 444 4073 ferunt,
457 4004 634 4082 interroget,
648 4027 712 4081 quae
725 4007 814 4065 merit
823 4006 955 4064 Anchisae
967 4003 1083 4074 nouis,
1101 4001 1182 4077 quod
1193 4019 1318 4070 nomn,
1335 4018 1399 4073 quat

330 4091 424 4162 patria
441 4113 572 4154 noverea
585 4101 779 4172 Anchemoli,
794 4098 990 4175 respondeant
1006 4097 1068 4156 siue
1081 4097 1139 4156 ulla
1153 4093 1352 4150 haesitatione:
1367 4103 1400 4148 nt

330 4183 445 4264 dicant,
457 4190 595 4263 quamdiu
606 4194 725 4252 Acestes
736 4193 825 4252 vitam
839 4189 1030 4269 produxerit,
1045 4197 1119 4264 quot
1130 4187 1193 4244 vini
1206 4185 1295 4244 cados
1303 4187 1402 4242 AEneae
