3148 4990
406 449 462 514 ru
493 449 722 514 slrrnarr
752 449 967 516 Pnrrrarr.
1182 481 1220 544 71

176 557 246 610 Nor.
270 563 331 612 ror.
351 563 493 613 Accusator
510 563 579 616 enim
599 563 665 628 erit;
684 575 713 614 ut
724 573 859 616 accusator
870 565 940 633 ejus,
960 565 1123 636 gravissimas
1135 586 1224 639 ponas

144 641 211 704 luet,
230 644 277 710 qui
294 647 402 694 verbum
422 644 475 697 boc
495 657 596 698 tantum
614 649 727 696 disent.-
745 648 784 696 irie
800 653 853 696 est!
871 646 970 700 scilicet
982 648 1095 702 nefarius
1108 651 1169 716 ille;
1188 653 1222 705 Η.

145 725 231 778 Vales.
251 726 304 778 Sed
325 740 399 782 recte
412 747 519 782 sensum
532 728 611 801 hujus
625 729 676 782 loci
688 729 787 802 cepisse
801 729 905 782 videtur
918 730 995 784 Heio.
1013 733 1059 804 qui
1073 734 1128 788 haec
1141 735 1224 788 aduo-

146 809 227 861 tavit:
250 811 454 882 -tteaponderar
467 824 541 884 poeta
554 812 693 877 monitori,
710 832 739 865 se
756 813 801 864 vix
819 813 870 866 sibi
890 825 1033 886 temperare
1049 837 1140 888 posse,
1159 819 1224 890 quin

146 910 223 956 eum,
234 893 283 964 qui
295 906 406 965 patruos
418 907 471 947 tres
482 914 582 948 veneno
591 908 717 962 necasset,
730 907 848 950 ettamen
858 915 1062 972 summopompa
1076 920 1123 973 per
1131 904 1223 956 urbem

146 976 296 1040 veheretur,
310 979 407 1030 acriter
420 979 580 1049 carminibus
593 979 786 1051 perstringeret.
805 980 874 1034 Huic
890 983 1024 1037 monitor:
1044 1003 1108 1039 cave
1128 986 1223 1054 facias,

144 1077 199 1110 non
208 1057 290 1112 modo
300 1061 407 1112 satiram
418 1061 446 1112 in
456 1079 515 1114 cum
525 1080 559 1114 ue
567 1061 681 1126 scribas,
694 1061 771 1115 sedai
783 1062 831 1114 tibi
843 1064 910 1116 forte
921 1078 1057 1130 occurrat,
1070 1086 1103 1119 ne
1114 1069 1223 1122 verbum

146 1141 255 1213 quidem
268 1143 406 1215 prasimae,
424 1143 497 1216 quod
517 1163 576 1198 eum
594 1144 729 1198 offendere
746 1145 842 1217 possit,
862 1164 922 1199 nam
942 1147 1020 1200 etiam
1031 1163 1166 1203 accusator
1176 1151 1226 1202 erit

147 1225 248 1278 scilicet
268 1230 322 1294 q'as
340 1228 383 1278 vel
404 1230 429 1278 ei
445 1231 521 1300 (quae
540 1238 599 1280 ante
613 1231 656 1296 qui
664 1227 804 1300 saepissime
815 1229 1031 1301 subintelligenda
1045 1251 1114 1296 esse,
1131 1234 1226 1288 docent

147 1307 301 1362 Gronovius
314 1309 349 1362 ad
359 1310 420 1362 Liv.
434 1310 546 1375 XXIII,
561 1311 591 1363 15
603 1331 611 1376 ;
624 1311 762 1363 Duclrerus
776 1311 808 1364 ad
821 1311 890 1363 Flor.
904 1313 935 1376 1,
950 1331 961 1364 r
974 1333 981 1378 ;
1001 1315 1106 1368 Cortius
1117 1317 1151 1370 ad
1161 1317 1223 1370 Sall.

148 1391 205 1444 Cat.
218 1393 305 1457 XIII,
321 1413 354 1458 a,
374 1405 400 1445 et
410 1393 444 1446 ad
458 1394 513 1448 Cic.
525 1394 557 1447 ad
568 1395 628 1447 niv.
641 1395 698 1454 III,
713 1396 744 1459 6,
759 1397 809 1462 7);
830 1393 857 1446 id
873 1406 926 1458 est,
943 1397 1077 1449 accusabit
1088 1417 1165 1464 eum,
1178 1400 1224 1471 qui

147 1475 332 1527 tantummodo
350 1477 408 1529 hec
423 1477 534 1548 paucula
550 1477 645 1530 dixerit
660 1496 667 1530 ε
689 1479 727 1527 iric
741 1491 789 1538 est,
801 1477 914 1540 scilicet,
928 1479 973 1530 ille
985 1481 1123 1533 sceleratus
1135 1481 1224 1534 homo.

147 1559 281 1611 Sententia
295 1559 385 1632 itaque
399 1571 436 1612 est
450 1580 457 1611 :
476 1561 535 1613 Non
548 1561 650 1624 solum,
669 1559 691 1611 si
704 1559 810 1612 satiram
823 1561 973 1632 scripseris,
993 1563 1119 1616 maximas
1136 1583 1225 1635 peenas

147 1640 240 1706 dabis,
254 1641 302 1694 sed
312 1643 335 1694 si
347 1643 404 1706 rel,
415 1642 462 1694 ubi
474 1643 518 1696 ille
528 1644 576 1696 tibi
589 1643 720 1707 occurrit,
733 1643 807 1698 alteri
821 1642 892 1696 dicas
904 1661 910 1695 τ
926 1647 964 1695 tic
975 1659 1013 1695 est
1023 1645 1066 1697 ille
1076 1645 1224 1701 sceleratos.

148 1725 236 1778 Verba
254 1739 343 1778 autern
363 1729 402 1777 laic
418 1739 455 1777 est
473 1745 533 1780 cum
550 1739 703 1798 contemptu
716 1727 915 1799 pronuncianda
927 1741 1004 1794 sunt,
1022 1729 1099 1802 plane
1116 1741 1145 1782 ut
1157 1731 1225 1784 Ger·

147 1808 217 1859 mani
230 1827 237 1860 :
251 1812 300 1862 das
312 1812 404 1872 istder,
417 1809 464 1860 ubi
474 1827 505 1861 ex
513 1809 692 1862 modulatione
701 1809 774 1874 vocis
784 1809 946 1881 intelligitur,
957 1809 1095 1865 laudemus
1107 1825 1132 1864 et
1144 1811 1226 1866 adrni-

147 1893 277 1945 rationem
287 1891 400 1956 indicet,
409 1911 443 1944 au
452 1894 678 1963 vituperationem.
690 1920 699 1940 ι
711 1893 837 1944 Similiter
844 1895 898 1964 jum
909 1893 1037 1946 Beckius:
1049 1896 1226 1949 ebcclamatio

148 1979 186 2028 lie
195 1990 233 2028 est
250 1976 322 2028 malo
334 1974 451 2046 quodam
463 1987 635 2047 pretereunte
647 1975 669 2028 si
683 1973 814 2036 audiatur,
832 1991 892 2026 reus
910 1993 972 2027 mox
984 1977 1121 2029 calumnie
1134 1980 1184 2031 eris
1200 1991 1226 2032 et

147 2061 251 2132 injurie
260 2059 341 2112 illatae
353 2078 360 2111 τ
373 2077 452 2130 qnam
463 2059 636 2112 calamitatem
647 2070 677 2110 ut
686 2056 875 2128 subterfugias,
885 2057 977 2109 melius
988 2069 1026 2110 est
1037 2070 1136 2124 tacere,
1145 2079 1225 2132 quarn

147 2141 262 2194 dicendo
274 2141 437 2212 supplicium
448 2141 552 2194 mereri.
562 2167 572 2188 ι
582 2141 725 2212 Grangeus
736 2159 743 2192 :
756 2142 819 2190 ..rste
827 2153 863 2190 est
872 2139 901 2192 fit
911 2159 959 2212 per
966 2140 1224 2212 demonstrationem,

146 2242 206 2296 qun
217 2237 264 2276 ant
275 2223 350 2276 laudi
360 2235 406 2276 aut
418 2223 485 2276 vitio
496 2225 608 2277 vertitur
620 2241 670 2296 pro
679 2223 781 2276 ratione
794 2221 887 2294 digiti,
905 2241 959 2294 quo
973 2225 1039 2278 facta
1055 2225 1106 2277 fuit
1116 2225 1225 2280 demon·

146 2307 255 2361 stratio:
277 2307 361 2360 indici
379 2308 450 2361 enim
468 2309 540 2372 laus,
560 2307 648 2362 medio
659 2309 838 2381 vituperium
857 2307 928 2360 unde
940 2309 1110 2379 proverqum
1121 2315 1224 2363 medium

147 2395 274 2442 undere
287 2394 403 2486 ἀφέω,
423 2389 523 2463 dequo
535 2390 590 2444 rid.
609 2390 677 2443 inira
691 2390 725 2444 nd
738 2391 779 2454 X,
793 2391 836 2443 53.
845 2415 856 2436 ι
870 2391 901 2442 In
915 2388 1019 2443 laudern
1031 2391 1127 2462 passim
1141 2396 1178 2444 lic
1190 2409 1227 2445 est

147 2483 172 2522 et
181 2471 274 2524 Grece
289 2477 356 2539 aare
367 2464 455 2527 inim
466 2469 563 2522 dicitur
575 2470 609 2523 de
619 2469 727 2523 homine
737 2469 849 2535 celebri,
858 2469 905 2541 qui
914 2469 1003 2541 digitis
1010 2473 1224 2542 pretereuntium

148 2566 317 2607 monstratur.
338 2553 437 2607 Confer
456 2554 610 2624 interpretes
629 2552 663 2605 ad
680 2553 772 2606 Horat.
790 2552 843 2606 Od.
862 2553 911 2618 IV,
926 2551 1023 2619 3‚sa;
1042 2555 1114 2608 Pers.
1126 2556 1152 2619 I,
1172 2557 1223 2623 ²85

148 2637 261 2690 martial.
274 2637 313 2700 V,
328 2637 378 2701 r3;
398 2637 455 2701 lx,
473 2637 523 2703 98,
541 2643 575 2702 43
594 2635 704 2690 Lucian.
723 2636 751 2688 in
767 2637 893 2690 llarmon.
910 2654 968 2706 cap.
985 2655 1010 2699 r,
1023 2637 1088 2689 etin
1100 2637 1225 2704 Somnio,

149 2740 206 2793 cap.
224 2739 265 2775 rr.

185 2867 251 2913 Vn.
269 2867 328 2914 rba.
338 2865 436 2914 AEueon
448 2868 588 2915 Grecomrn
597 2881 666 2914 more
676 2864 835 2914 scribendum
844 2863 942 2912 ridetur
949 2879 996 2928 pro
1006 2863 1109 2912 AErream
1115 2898 1124 2922 ,
1135 2876 1163 2914 nt
1171 2869 1229 2928 111,

151 2948 167 2994 5
173 2984 181 3006 ,
192 2947 326 3011 Prochytam
336 2965 383 3013 pro
393 2947 548 3011 Prochytam.
563 2947 623 2995 Vid.
634 2947 719 2994 Heius.
730 2947 762 2994 ad
774 2946 848 2995 oud.
859 2964 899 3010 ep.
910 2949 968 2994 Iler.
979 2948 1044 3005 Vll,
1057 2948 1103 3006 26;
1116 2957 1141 2996 et
1150 2949 1224 2998 Drak.

151 3029 181 3076 ad
192 3031 234 3076 Sil.
246 3033 284 3088 11,
295 3032 353 3088 ars.
364 3031 432 3078 Talia
442 3041 524 3078 tamen
536 3047 588 3078 nou
599 3029 769 3078 addicentibus
779 3029 851 3077 codd.
862 3029 939 3095 (quos
947 3045 1014 3076 nunc
1023 3029 1068 3077 ins.
1077 3032 1138 3078 VIII
1145 3067 1152 3092 ,
1163 3034 1226 3092 113,

151 3127 217 3174 asp,
233 3124 258 3160 et
269 3113 300 3160 al.
315 3124 413 3161 secutus
424 3113 496 3178 snrn)
514 3114 623 3176 recipcre
636 3111 722 3176 religio
734 3111 795 3158 mibi
809 3113 868 3171 luit,
883 3112 928 3158 etsi
940 3127 994 3159 uon
1006 3111 1108 3176 Ignem,
1126 3124 1223 3177 poetam

150 3207 264 3243 nostrum
277 3196 363 3243 sectari
378 3195 502 3256 doctIora,
515 3207 539 3243 et
552 3211 591 3242 me
604 3196 773 3243 inconstantiae
787 3193 895 3242 accusari
908 3193 938 3242 ab
952 3193 1027 3242 Heio.

185 3290 271 3340 Asrr..
293 3290 441 3350 riis-164.
455 3288 550 3340 Tutius
568 3307 598 3341 ac
611 3289 667 3340 sine
679 3289 799 3360 periculo
815 3265 941 3358 tragicum
955 3288 997 3340 vel
1010 3287 1113 3359 epicum
1126 3287 1226 3341 scribes

149 3391 272 3436 carrnen,
284 3383 501 3442 mortuorumque
514 3372 592 3423 vitam
610 3389 640 3424 ac
658 3371 723 3424 facta
738 3389 860 3442 expones.
874 3369 999 3442 Suspicor
1008 3383 1092 3442 poetae
1104 3371 1154 3426 boc
1165 3371 1224 3426 loco

150 3467 210 3507 ante
220 3457 312 3508 oculos
324 3455 404 3508 luisse
413 3454 564 3517 Horatium,
580 3451 632 3507 Sat.
645 3455 688 3520 11,
704 3473 731 3519 r,
746 3473 777 3507 ro
790 3473 859 3526 scq.‚
871 3454 917 3506 ubi
931 3453 1071 3506 Trebatius
1081 3454 1150 3506 idem
1160 3471 1223 3508 con-

151 3537 238 3588 silinm
251 3537 297 3590 dat
307 3537 426 3589 Horatio.
435 3566 472 3577 -
482 3539 547 3588 Licet
553 3577 639 3591 ......
647 3541 793 3598 committas,
812 3555 916 3590 carmen
929 3537 1045 3590 scribere
1057 3537 1130 3602 licet,
1146 3537 1224 3608 quale

151 3620 279 3691 Virgilius
289 3619 409 3691 scripsit,
421 3619 455 3672 de
465 3620 561 3692 praeliis
572 3621 810 3692 certaminibusque
821 3623 907 3670 AErreoe
920 3631 945 3670 et
956 3623 1038 3670 Bubali
1044 3622 1150 3688 ferocis,
1169 3619 1223 3671 sor-

151 3703 200 3766 tis,
211 3703 263 3755 boc
273 3716 311 3756 est
319 3741 326 3764 ‚
334 3703 428 3754 Turni.
440 3705 600 3768 committere,
612 3715 642 3755 ut
650 3714 822 3771 comparareet
830 3719 968 3770 componore
976 3721 1024 3774 par
1032 3704 1103 3774 pari,
1113 3703 1222 3756 verbum

150 3785 289 3857 proprium
301 3785 335 3838 de
346 3784 547 3856 gladiatoribus,
558 3786 660 3842 athletis
669 3825 677 3849 ,
687 3786 874 3848 histrionibus,
889 3787 1057 3857 pantomimis
1069 3798 1096 3838 et
1106 3790 1227 3840 certami-

573 3927 803 3947 §mmmmm

146 4017 255 4082 Egyptii
278 4019 477 4082 Harpocratem,
497 4027 538 4065 aut
558 4015 664 4064 Romani
706 4017 743 4063 ier
751 4015 836 4080 scalig
844 4015 1042 4074 morsuram,
1055 4017 1222 4079 293‘1'urneb.
1334 4055 1336 4060 ,

146 4097 606 4162 Angerouam,DeossilentiI‚digito
621 4112 664 4144 ora
708 4095 739 4142 ad
748 4095 821 4143 Varr.
834 4096 861 4141 L.
872 4096 899 4141 L.
908 4093 952 4142 lib.
962 4095 998 4154 V;
1013 4106 1037 4144 et
1049 4097 1180 4160 Augustis.
1190 4097 1226 4144 de

146 4179 309 4242 comprimere
319 4175 665 4234 finxerunt3GliANG.Con·
707 4175 759 4223 Civ.
768 4175 935 4236 Dei,xvr11,
950 4174 977 4222 5.
