3134 4990
342 461 406 526 582
497 461 669 527 VARIAE
691 461 984 527 LECTIONES
1007 455 1071 527 ET
1094 463 1250 531 NOTAE

340 595 397 627 num
409 581 517 644 nescire,
538 578 596 649 ejus
608 593 660 628 usu
673 575 821 640 abstinere,
832 593 867 628 ue
879 575 965 628 multo
976 575 1037 629 cibo
1054 577 1172 648 vinoque
1183 579 1309 650 completi
1321 597 1336 632 a
1346 589 1406 632 stu·

341 658 392 713 diis
406 659 591 713 abhorrerent.
605 651 698 712 Studio
708 669 807 711 vocent
826 657 938 728 spiritus
949 659 1062 714 ocientes
1074 661 1251 714 erectriculo
1261 659 1297 715 cd
1310 677 1405 734 ceput,

342 757 368 798 et
377 740 528 814 impediunt
538 743 592 796 cibi
601 737 815 807 concoctionem,
826 739 1025 814 cruditatesque
1033 743 1159 814 pariunt,
1167 742 1242 797 unde
1252 747 1336 813 pallor
1343 763 1407 797 cou-

341 827 473 893 tichicum
483 826 583 898 Gruug.
594 859 629 868 —
637 828 756 878 Solitaria
765 838 789 876 et
796 827 866 876 vetto
873 828 999 876 umbratili
1006 829 1062 877 vita
1070 829 1210 895 pallescere
1219 827 1289 880 dixit
1298 825 1409 892 Quintit

340 910 409 962 Inst.
417 911 466 964 Or.
476 911 501 976 1,
512 927 537 976 s,
547 911 590 978 rt,
602 909 649 962 ubi
658 907 795 980 Spalding.
800 909 858 961 haec
868 907 973 961 notovit
985 927 992 960 :
1003 908 1115 974 «Polior,
1125 909 1240 962 infirmo
1250 907 1411 962 valetudinis

342 990 439 1058 iudex,
450 992 591 1047 doctorum
601 1005 627 1045 et
636 993 710 1045 libris
722 991 929 1044 immorientium
940 1009 994 1043 non
1006 993 1093 1044 miuus
1103 1004 1144 1045 est
1156 1009 1236 1063 quam
1247 991 1411 1054 ementium

342 1072 409 1126 dum
419 1075 448 1127 bi
456 1076 527 1129 ¹curis
537 1076 649 1130 occultis
656 1075 811 1139 tabescunt,
821 1073 860 1126 iili
869 1074 948 1126 nimis
958 1073 1059 1126 assidui
1069 1072 1150 1127 domo
1159 1091 1299 1145 nuuqoeru
1306 1083 1412 1126 arunt

342 1157 411 1210 Inde
421 1171 515 1212 notum
525 1157 607 1212 illud:
620 1161 714 1217 Palietr
726 1171 769 1208 aot
779 1171 860 1222 amat,
868 1160 1005 1208 austeriter.
1016 1156 1093 1210 Coui.
1105 1157 1299 1222 Quintii.V11‚
1312 1173 1355 1218 ro,
1366 1160 1413 1219 14,

344 1239 419 1294 Pers.
438 1240 473 1305 Ι,
491 1241 538 1304 26,
561 1245 628 1306 ¹²43
644 1239 682 1306 V,
702 1243 735 1293 62
746 1257 755 1306 ;
775 1238 856 1292 ovid.
873 1242 929 1292 Art,
947 1241 973 1306 1,
991 1256 1051 1311 729,
1070 1241 1130 1311 730.
1149 1241 1184 1292 In
1202 1238 1415 1293 omuibusbisoe

345 1321 471 1396 exemplis
476 1325 563 1390 pallor
574 1323 625 1376 iste
635 1338 675 1377 est
689 1335 856 1377 aooutructo
869 1325 945 1396 prius
959 1325 1068 1385 morbo,
1090 1343 1170 1394 quem
1183 1333 1229 1376 out
1242 1322 1326 1376 sciuri
1339 1321 1416 1392 :gri-

346 1407 414 1462 tudo
428 1409 533 1476 iecerit,
550 1419 596 1461 aut
611 1408 673 1461 solis
685 1421 711 1462 et
725 1409 794 1463 aeris
807 1405 936 1462 deiectus.
952 1406 1086 1460 Gesneruo
1099 1407 1134 1460 cd
1147 1408 1220 1460 huuc
1234 1408 1325 1460 iocum
1336 1405 1416 1458 etium

346 1492 471 1545 inanimis
484 1493 613 1563 puliorem
630 1491 729 1557 tribui,
746 1504 859 1563 propter
871 1490 1067 1562 corruptionem
1081 1509 1096 1543 u
1114 1491 1220 1562 quiete,
1237 1491 1353 1543 humore
1368 1485 1416 1541 cri·

347 1577 429 1629 misso
443 1589 469 1630 et
483 1576 591 1629 excluso
604 1594 665 1628 aere
678 1587 781 1641 orum,
795 1573 875 1629 docet
889 1593 904 1626 e
919 1573 1093 1645 scriptoribus
1106 1575 1214 1628 rusticis
1226 1579 1254 1629 et
1261 1572 1396 1626 Vitruvio.
1406 1595 1417 1616 ·

348 1659 426 1712 Cous.
439 1659 587 1714 Ver.1aeot.

384 1816 451 1861 Vn.
470 1829 512 1878 97.
529 1781 588 1862 Toto
600 1813 702 1877 vinum,
718 1831 758 1877 ro,
774 1831 813 1876 ια,
829 1817 1082 1877 13,16‚18,2r‚s5.

385 1887 454 1959 Nor.
473 1907 516 1974 98.
535 1909 617 1958 Labor
628 1909 860 1977 oesrsrfecundior,
871 1906 998 1959 utiliores
1011 1907 1174 1962 fructuosior
1184 1909 1254 1960 forte
1267 1917 1324 1969 est,
1336 1903 1378 1957 vei
1392 1904 1420 1957 id

349 1989 387 2043 its
395 2005 424 2042 sc
433 1989 532 2042 habere
540 1987 614 2042 dicet
625 1989 719 2061 uliquis
729 2009 737 2043 ε
747 1990 800 2043 nisi
811 1989 912 2044 ironice
923 1989 1069 2062 alloquitur
1077 2003 1164 2062 pocta.

370 2171 374 2176 =
388 2147 456 2196 Vsu.
476 2161 520 2210 99.
532 2146 628 2196 Petitur
634 2147 704 2211 ples,
720 2148 763 2208 56,
774 2149 819 2211 59,
828 2151 871 2208 oo,
883 2149 926 2196 66.
937 2173 973 2185 -
985 2149 1036 2195 Aut
1044 2146 1107 2210 olei,
1124 2145 1164 2195 16.

388 2237 457 2292 Nou.
476 2255 519 2308 99,
538 2241 616 2302 Perit,
635 2239 718 2312 exigit
733 2251 803 2294 certe
814 2245 873 2310 pius
894 2243 1007 2309 temporis
1023 2256 1048 2292 et
1066 2243 1127 2306 olei,
1147 2240 1230 2294 studii
1251 2259 1283 2294 uc
1301 2238 1420 2292 lumbu-

353 2323 444 2377 tionis.
806 2334 809 2348 '

389 2416 457 2474 Nor.
480 2402 539 2475 roo.
560 2413 643 2473 Ob'lita
655 2424 732 2488 modi,
744 2399 894 2477 rine¹moito
903 2439 934 2474 ac
945 2421 1007 2475 flue.
1018 2424 1189 2473 —Millcsima
1197 2422 1385 2489 pagiuamgis,
1393 2430 1422 2471 ut

355 2501 428 2576 apud
438 2500 519 2558 Ouid.
530 2505 591 2556 Am.
601 2503 629 2564 1,
641 2521 664 2566 1,
674 2493 801 2574 spedus.
815 2521 896 2574 suprs
906 2502 940 2556 cd
951 2521 992 2555 rs.
1004 2503 1046 2556 ²3.
1057 2533 1092 2542 —
1102 2504 1423 2570 Damnosapapymmulto,

352 2587 420 2658 'quia
428 2599 485 2639 tum
495 2585 609 2640 multum
619 2587 717 2658 papyri
727 2581 869 2638 emendum
879 2598 932 2650 est,
946 2585 1024 2637 etiam
1038 2583 1165 2638 damnum
1177 2591 1324 2656 apportans
1334 2596 1362 2636 et
1374 2583 1424 2634 im·

354 2686 473 2740 pensum.
481 2667 570 2720 Labor
578 2659 804 2720 historicoruui'et
815 2666 875 2737 plus
882 2667 1020 2738 temporis,
1030 2683 1110 2739 quum
1122 2675 1277 2735 poetarum,
1287 2664 1386 2736 exigit,
1398 2673 1425 2716 et

354 2752 417 2825 plus
436 2761 607 2822 sumptuum,
624 2749 653 2800 iu
673 2741 766 2802 oleum’
781 2745 968 2822 papyrumque
983 2748 1176 2802 faciendorum.
1198 2747 1237 2800 De
1248 2761 1344 2817 popm
1359 2745 1427 2800 vide

357 2835 611 2901 Ptin.xn1,11er
625 2851 665 2885 rr.

392 2977 459 3028 Vis.
480 2993 538 3027 ror.
554 2975 665 3032 ratior„-
677 2991 718 3024 πο.
731 2957 851 3036 boetrum,
861 2973 905 3023 br.
921 2973 999 3022 Merita
1008 2971 1094 3022 crescit
1102 2987 1149 3038 pro
1160 2973 1248 3022 crescit
1256 2974 1336 3023 ηιιὶια
1346 2975 1426 3037 recepi

360 3078 392 3110 ex
404 3062 501 3122 11,23‚
513 3069 555 3122 αι,
566 3059 623 3124 quie
632 3059 724 3123 gratius
732 3068 769 3106 est
776 3057 885 3105 ruribus.

329 3139 333 3154 ¹
395 3161 464 3208 Vre.
484 3145 541 3204 roo.
556 3151 654 3221 Operis,
669 3171 710 3215 77.

395 3252 464 3310 Nor.
486 3266 544 3302 ιω.
565 3253 617 3300 lex
628 3267 730 3314 operum
739 3257 765 3298 ct
777 3246 841 3300 artis
850 3257 944 3300 vestro
954 3283 961 3311 ,
973 3260 1030 3315 quse
1039 3244 1116 3316 jubet
1128 3244 1249 3316 singulus
1258 3263 1301 3298 res
1309 3244 1385 3317 piene
1394 3263 1424 3298 ae

359 3335 441 3407 plane
450 3350 610 3397 memorare,
616 3349 700 3404 eoque
707 3328 800 3384 ordine
807 3349 838 3382 ec
845 3325 936 3392 modo,
942 3345 997 3399 quo
1004 3339 1084 3397 gestu
1094 3339 1165 3380 sunt.
1172 3329 1215 3381 De
1224 3325 1357 3381 historice
1362 3327 1426 3380 ortis

360 3419 464 3490 legibus
473 3414 536 3471 ride
546 3415 604 3469 Cic.
616 3414 650 3469 de
661 3415 736 3470 Orat.
750 3433 773 3468 c.
786 3414 829 3469 1⁵.

396 3516 466 3568 Nor.
487 3511 547 3566 103.
564 3511 619 3580 Qui
631 3524 719 3564 tumen
732 3528 796 3564 usus
806 3510 963 3580 fructusque
972 3505 1032 3560 duri
1044 3505 1144 3560 laboris
1157 3517 1250 3558 nostra
1260 3517 1337 3558 utute
1345 3507 1427 3578 perri·

363 3596 439 3668 pitur
450 3614 482 3649 ex
492 3593 604 3647 historia
614 3591 756 3664 diligenter
767 3592 865 3665 scripte
873 3592 885 3644 i
894 3591 959 3664 quid
969 3609 1040 3643 nuuc
1051 3589 1157 3661 expedit
1163 3589 1312 3656 historicis,
1322 3609 1366 3643 res
1373 3607 1426 3642 ωε·

361 3691 467 3732 moratu
474 3675 568 3750 dignus
577 3675 734 3747 explicuisse
740 3689 767 3729 ct
775 3687 898 3740 accurate
907 3673 1212 3744 umasseiMetephore
1222 3673 1308 3746 petitu
1316 3691 1331 3726 s
1338 3687 1425 3742 segete,

363 3774 390 3814 et
403 3775 467 3815 terra
478 3759 521 3814 vel
532 3760 614 3814 humo
623 3772 708 3826 aperta
720 3776 751 3810 uc
761 3758 867 3812 reclusa
875 3770 973 3811 aratro.
986 3786 1021 3797 -
1032 3761 1103 3826 seges
1114 3755 1213 3808 laboris
1223 3756 1377 3828 prumiam,
1397 3765 1426 3807 ut

365 3844 435 3896 inire
450 3861 489 3895 vs.
504 3860 569 3908 ur,
582 3843 676 3907 messis,

401 3939 469 3991 Nor.
491 3942 548 4000 104.
567 3940 645 3998 Aera,
659 3954 701 3988 res
713 3947 813 4007 gestas,
821 3935 955 4002 historias,
966 3937 1067 4005 legenti,
1082 3941 1244 4006 eueguostae.
1257 3933 1344 4004 Vulgo
1357 3929 1428 3985 deci-

367 4022 443 4092 gnari
450 4034 547 4093 putant
561 4023 697 4072 cetrarium
708 4059 716 4086 ,
728 4038 774 4074 seu
789 4019 922 4086 scribom,
937 4018 1074 4072 librarium
1085 4029 1112 4070 et
1128 4016 1297 4070 tabellionem
1310 4017 1322 4084 (
1329 4013 1427 4067 Gallie.

360 4105 475 4165 ‘numum
488 4104 619 4176 grosfisr);
634 4101 741 4157 sedhoc
753 4102 892 4155 hominum
902 4118 985 4174 genus
994 4115 1051 4153 acea
1060 4100 1167 4172 publice
1177 4102 1283 4153 “uetus
1291 4114 1321 4151 ee
1331 4097 1426 4170 populi

366 4187 412 4256 (de
424 4187 522 4259 quibus
533 4185 594 4240 vide
606 4184 640 4240 ud
650 4185 691 4252 11,
704 4181 766 4254 tbfi)
782 4200 837 4239 nou
847 4187 937 4254 legen,
948 4179 995 4238 esd
1005 4183 1123 4237 scribere
1131 4183 1262 4237 solebant.
1274 4179 1344 4234 vide
1352 4181 1424 4250 Lipe.
