3122 4986
379 434 432 500 IN
455 434 686 500 SATIRAM
709 435 952 502 OCTAVAM.
1132 437 1195 518 653

168 527 232 600 tior.
251 552 293 614 49.
311 549 386 598 Plebe
402 560 502 616 septa,
515 549 651 611 Romanu,
665 547 794 617 quonism
807 560 870 619 togu
882 549 993 619 propriu
1005 549 1110 602 civibus
1121 551 1198 603 llom.

133 625 286 762 evt1l¹⁰id3⁰m
303 628 356 682 boo
373 630 433 684 loeo
453 628 546 682 infime
561 629 647 700 plebe.
666 629 776 684 Confer.
792 631 858 684 Ver.
875 632 950 684 Leet.
968 631 1044 685 etad
1059 632 1089 697 1,
1106 637 1153 701 96,
1172 648 1199 687 et

193 751 201 775 ,
224 727 235 762 1
256 715 281 764 6.

167 805 236 874 Nor.
256 809 297 861 50.
316 811 407 868 Nodos,
425 806 609 860 difficultates.
628 837 663 848 -
679 811 768 875 legum
783 809 931 877 aenigumta,
949 808 1030 861 verbu
1047 809 1160 864 obscure
1173 823 1200 864 et

133 890 270 962 ambigue,
284 903 314 944 ut
325 889 397 962 apud
409 890 547 944 sueonie
559 890 589 943 ln
599 889 646 942 lin.
657 887 744 943 Codd.
759 887 793 942 de
806 891 887 961 legg.
900 901 908 926 ¹

167 1061 236 1110 Vsu.
256 1060 297 1109 δι.
315 1059 429 1108 Britanni
440 1075 487 1124 pro
496 1058 585 1107 Batavi
598 1059 624 1106 in
635 1057 783 1122 quibusdem
796 1058 882 1119 libris,
891 1061 974 1108 neseio
984 1059 1087 1124 quibus,
1104 1071 1163 1110 teste
1173 1078 1201 1110 se

133 1140 206 1206 prob.
212 1142 313 1191 Bsbrdt.
325 1143 356 1192 Id
364 1143 468 1193 omnino
475 1142 583 1191 arridere
593 1150 673 1206 potest
681 1152 783 1205 propter
794 1141 912 1190 rationem
920 1178 928 1201 ‚
936 1143 964 1190 in
975 1143 1069 1202 Comm.
1084 1159 1202 1192 memoru-

134 1235 199 1285 tum,
208 1238 232 1274 et
242 1237 342 1291 propter
353 1227 480 1286 victorius,
490 1225 522 1274 ub
531 1224 659 1288 Agriuolu‚
670 1239 767 1272 summo
776 1224 842 1272 illius
854 1225 900 1272 seri
908 1225 981 1285 duee,
996 1241 1027 1273 ex
1038 1226 1159 1276 nrtuunis
1168 1243 1203 1276 re·

132 1307 200 1358 lutus.
220 1311 268 1358 Sed
278 1311 373 1376 vulgatu
385 1325 484 1374 quoque
498 1305 571 1358 lectio
582 1323 635 1356 nou
647 1306 721 1370 plene
732 1307 871 1370 spernendo
883 1318 938 1368 est,
953 1318 977 1355 et
990 1308 1116 1369 omnium,
1136 1310 1204 1372 qnod

137 1392 223 1456 mum,
235 1393 357 1442 librorum
368 1393 510 1442 anctoritate
523 1391 642 1439 lirmstur.

134 1523 137 1532 .
170 1486 262 1539 Aren.
281 1485 394 1539 51-52.
414 1485 545 1538 Homines
563 1483 679 1536 obscuro
699 1483 758 1534 loeo
773 1494 852 1536 ustos
870 1481 1015 1552 stipendia,
1035 1484 1064 1536 in
1080 1483 1204 1536 extremis

137 1585 245 1640 quoque
258 1567 363 1638 imperii
377 1568 492 1630 linibus,
507 1585 622 1628 merere,
635 1577 666 1618 ut
679 1565 806 1619 lenonium
822 1565 998 1618 btrbnrornm
1013 1579 1165 1630 coerceant,
1178 1578 1205 1620 et

135 1653 175 1706 ite
188 1651 279 1724 patrie
289 1652 367 1704 saluti
377 1653 541 1723 prospicere.
551 1663 613 1722 epte
624 1662 700 1702 notet
710 1663 788 1720 poeta
797 1667 804 1701 :
812 1667 874 1701 nam
884 1649 994 1720 Equites
1006 1651 1112 1722 aliique,
1123 1669 1205 1724 quum

136 1734 249 1798 divites,
260 1747 317 1787 tum
330 1735 450 1798 nobiles,
466 1733 540 1786 eires
548 1735 603 1805 jum
613 1730 675 1784 inde
688 1749 702 1784 n
716 1732 795 1785 lllerii
806 1743 832 1784 et
841 1731 920 1803 Syllte
930 1734 1093 1804 temporibus
1104 1735 1207 1788 militie

137 1837 236 1872 nomen
249 1815 313 1871 dure
323 1817 495 1882 recumbent,
508 1815 649 1868 etsensim
664 1833 691 1868 ee
703 1815 769 1868 huie
782 1816 859 1867 oneri
872 1817 986 1886 bellique
998 1818 1136 1871 laboribus
1148 1819 1208 1870 sub·

137 1904 295 1958 trabebant,
302 1902 433 1956 Acerrimi
443 1919 508 1954 sero
519 1912 547 1954 et
555 1900 733 1953 valentissimi
745 1901 925 1951 liomenorum
935 1901 1024 1952 hostes
1034 1913 1091 1953 tum
1103 1913 1206 1973 tempo·

137 1988 185 2053 ris,
197 2001 293 2058 preter
303 1987 457 2051 Britannos,
468 1987 566 2043 Dacos,
580 1983 679 2036 Suevos
694 1982 814 2051 aliosque
828 1980 991 2045 Germanos,
1002 1997 1078 2036 erunt
1092 1984 1207 2038 Orientis

137 2071 247 2142 populi,
260 2070 288 2122 in
298 2068 391 2141 primis
403 2065 496 2121 Parthi
511 2084 542 2118 ne
553 2064 614 2136 Syri
623 2066 633 2133 (
641 2063 711 2118 unde
720 2064 773 2116 hoc
788 2064 848 2117 loeo
859 2067 1010 2132 Euphrates,
1023 2067 1070 2136 qui
1080 2069 1208 2128 terminus

138 2152 245 2224 imperii
253 2153 330 2204 llum.
339 2152 366 2202 in
377 2149 488 2202 Oriente
498 2149 573 2216 luit),
582 2160 609 2200 et
617 2149 718 2208 Batavi,
727 2165 744 2200 u
753 2145 839 2198 Civile
847 2146 876 2198 in
885 2165 960 2200 erma
968 2149 1053 2220 rupti;
1063 2168 1112 2202 neo
1121 2165 1209 2204 tumen

139 2238 237 2298 domiti,
249 2233 296 2286 sed
308 2251 402 2304 paoem
413 2232 498 2304 pecti.
510 2239 521 2264 ¹

174 2333 243 2384 Nor.
263 2330 306 2385 5².
325 2331 439 2396 Aquilae,
448 2325 751 2398 legionesa-Custodes,
761 2323 859 2379 militet
868 2325 1019 2381 limitaneos
1028 2329 1070 2382 rel
1077 2329 1209 2401 presidis.

174 2426 241 2478 Nor.
262 2420 305 2476 53.
328 2424 479 2490 Cecropides,
494 2420 604 2473 nomine
616 2432 720 2473 tuntum
733 2437 765 2472 te
780 2438 878 2492 genere
892 2421 1001 2486 nobilis,
1014 2441 1044 2475 re
1057 2441 1120 2476 vern
1135 2425 1211 2494 igno·

140 2509 203 2562 bilis
220 2519 247 2560 et
262 2505 392 2577 degenet;
410 2503 474 2558 vide
490 2503 524 2558 td
540 2523 580 2558 ve.
595 2505 630 2558 38
646 2516 672 2558 et
691 2505 733 2566 46.
744 2535 777 2544 —
794 2507 888 2554 Trtsneo
904 2506 1162 2570 simillimusliennoe,
1181 2521 1212 2560 nt

141 2607 239 2644 truncus
247 2605 321 2657 atque
330 2592 411 2658 sepes,
422 2588 495 2659 spud
504 2587 591 2644 Cicer.
604 2587 658 2641 Pis.
671 2605 696 2657 9.
707 2587 749 2642 Sie
757 2600 785 2641 et
796 2591 906 2655 στίλιχος
917 2588 985 2642 dixit
996 2589 1130 2661 Lysippus
1140 2590 1212 2662 spud

144 2671 292 2727 Dieaenreh.
304 2677 394 2723 Herma
400 2673 577 2736 stolidissimus,
584 2670 677 2723 Sidon.
685 2671 736 2742 Ep.
744 2671 793 2734 IV,
803 2674 844 2723 16.
853 2696 865 2715 ·
873 2671 979 2742 Reliqui
989 2672 1022 2724 de
1029 2674 1143 2726 lectione
1150 2688 1213 2727 eunt

142 2754 299 2810 inertissimi
308 2753 421 2816 nobiles,
435 2753 462 2806 in
473 2753 582 2825 quibus,
594 2754 666 2807 sieut
676 2753 704 2806 in
714 2766 816 2818 statut,
830 2766 927 2826 prseter
936 2773 1031 2808 nomeu
1041 2756 1108 2808 nibil
1117 2769 1157 2809 est
1166 2756 1214 2810 nd-

531 2937 533 2940 >
561 2927 793 2946 nummatum

183 3054 192 3081 ¹
212 3042 359 3104 Turnebus,
381 3041 447 3091 Λᾶν.
466 3043 543 3101 Vlll,
567 3057 610 3105 19,
635 3052 659 3088 et
704 3042 736 3092 sd
756 3045 816 3108 sigls
831 3046 964 3103 JCtorum,
982 3045 1072 3110 quibus
1089 3047 1214 3096 notionum

146 3124 297 3174 telmessus
317 3121 450 3186 putabant,
466 3121 491 3168 b.
504 3121 522 3168 l.
535 3119 659 3184 designari
704 3122 824 3171 iormnles
838 3135 924 3173 notare
937 3125 1063 3183 solebsnt,
1080 3128 1215 3191 respexisse

146 3202 197 3261 τοὺς
207 3201 303 3262 tirone,
315 3201 449 3256 solutores,
463 3201 506 3263 qui
518 3200 569 3260 jum
580 3209 660 3249 tentos
705 3200 778 3266 (vide
787 3203 883 3250 Ernesti
892 3204 954 3252 elur.
964 3205 1042 3254 Cloer.
1055 3221 1110 3254 voc.
1120 3207 1187 3254 Noto
1195 3205 1213 3268 ).

146 3299 292 3350 progressus
300 3281 433 3330 habuerint
442 3281 468 3327 in
475 3281 544 3343 J‘nre,
554 3290 582 3328 ut
591 3278 622 3326 de
629 3295 659 3327 eo
704 3277 754 3328 Sub
766 3283 961 3345 Imperatoribus
968 3299 1021 3334 nou
1033 3295 1127 3334 tentum
1137 3285 1216 3333 solen-

145 3363 295 3428 respondere
307 3376 386 3426 prope
402 3359 541 3424 potuerint,
554 3370 579 3408 et
593 3374 657 3423 qute-
704 3375 750 3406 nes
765 3359 829 3419 juris
845 3360 955 3408 formulae
972 3371 996 3408 et
1013 3364 1137 3411 sedunum
1153 3363 1217 3411 tituli

147 3443 241 3492 stiones
250 3441 352 3490 solvere.
367 3439 513 3487 Pltthnerus
523 3437 578 3488 haeo
589 3449 658 3486 note·
704 3440 784 3487 notsri
794 3441 918 3501 ejusmodi
927 3441 994 3505 siglis
1001 3444 1089 3506 eoepti,
1100 3442 1144 3491 sod
1152 3443 1216 3489 inte·

147 3524 197 3574 rit:
205 3520 331 3569 «Absurde
340 3529 377 3568 est
386 3519 517 3566 Pulmeuni
526 3519 658 3567 sententie:
705 3535 754 3583 gru
765 3519 837 3568 etism
852 3519 929 3584 leges,
941 3521 1143 3578 constitutiones,
1155 3523 1216 3584 quin

147 3617 202 3651 non
216 3601 281 3648 euim
294 3597 359 3648 λύτοι
369 3599 407 3646 illi
417 3599 524 3648 studiosi
535 3599 660 3658 dicuntur,
706 3597 730 3646 et
739 3609 889 3658 testamenta,
901 3615 956 3663 que
965 3601 1047 3648 omniu
1057 3601 1157 3664 reliquis
1166 3601 1216 3648 vel-

147 3678 216 3744 quod
227 3679 275 3742 ipsi
285 3680 336 3740 jum
352 3679 414 3739 juris
427 3679 508 3726 nodos
524 3678 662 3736 solverent,
706 3678 742 3725 uti
755 3679 884 3741 enigmate
894 3678 1019 3742 incognite
1032 3679 1090 3726 solis
1108 3679 1218 3727 Notariis

148 3758 217 3824 qnod
229 3758 288 3806 olim
302 3757 434 3822 prinoipsli
445 3767 540 3806 tentum
551 3757 619 3806 JCtis
631 3757 661 3805 ti·
707 3766 732 3804 et
743 3755 869 3805 Consultis
879 3757 1001 3820 petebant.
1013 3759 1070 3804 iltee
1082 3759 1141 3821 ipsse
1155 3769 1219 3807 nota·

148 3838 219 3887 oebut
229 3837 362 3901 diplomate
377 3835 446 3901 (sid.
460 3838 582 3902 Pompon.
596 3838 623 3884 in
636 3839 662 3884 L.
707 3835 840 3903 σήματα
852 3846 973 3884 vocentur
980 3837 1071 3885 lustin.
1082 3839 1108 3884 L
1120 3837 1171 3902 1,§
1186 3841 1218 3896 3,

149 3914 617 3980 .p,ff.de0rig.Jur.)‚sedqnodjsm
628 3931 663 3964 re·
707 3915 735 3965 C.
746 3914 777 3964 de
788 3916 906 3964 Venter.
917 3917 978 3970 lin.x
1170 3931 1173 3940 ’

150 4011 240 4061 sponse
255 4007 279 4044 et
294 3995 429 4046 solutiones
445 3996 513 4044 Pauli
527 3995 583 4044 Jcsi
593 3995 664 4043 sudi·
745 3999 755 4024 ²
774 3995 838 4043 Vide
847 3997 904 4044 Tse.
914 3996 982 4046 Anu.
995 3998 1040 4054 tv,
1054 4011 1168 4056 tn-se,
1185 3999 1218 4054 54

152 4083 219 4134 rent,
239 4085 295 4124 ente
310 4089 383 4137 quem
394 4089 480 4123 eornm
494 4089 586 4122 nomen
598 4073 664 4122 insu·
709 4074 791 4130 -863
809 4075 841 4132 V,
859 4076 970 4130 14—26.
983 4075 1054 4126 cont.
1069 4074 1100 4124 sd
1112 4075 1156 4124 Sil.
1173 4077 1220 4123 Pu·

153 4152 239 4200 ditum.
251 4153 298 4200 Sed
308 4148 384 4215 quid,
397 4152 419 4200 si
428 4152 552 4212 dicemus,
565 4163 663 4215 poetam
710 4154 758 4202 nie.
767 4153 811 4203 lils.
824 4155 875 4214 Ill,
885 4154 943 4202 608.
