3108 4986
376 421 431 487 IN
454 421 683 486 SATIRAM
705 423 965 505 QUARTAM.
1142 429 1204 514 269

136 545 295 600 moraretur,
307 548 334 588 et
345 535 380 588 ita
391 547 533 610 tyrannum
542 535 697 610 offenderet.
711 536 788 592 Cous.
799 554 827 589 a.
841 536 874 607 73
883 556 937 609 seq.
948 537 1073 592 Preterea
1083 559 1137 591 nur
1150 553 1205 593 erat

136 619 221 668 odacri
233 619 362 686 efferam,
375 630 425 672 etc.
440 649 475 660 -·-
492 618 563 672 Malo
577 619 658 672 verba
669 638 714 671 aec
727 620 813 670 melior
824 622 895 670 uultu
907 619 940 672 ad
955 621 1087 692 sequentia
1102 623 1205 690 offensae

135 718 185 751 ms
196 701 311 767 relerri,
323 721 405 774 quam
416 701 450 756 ad
460 713 573 765 metum,
585 719 619 754 ne
629 702 714 755 serius
724 700 834 754 reniret.
848 701 901 755 En.
914 733 950 744 -
970 705 1084 771 Qumis
1095 706 1206 772 ignobilis

136 794 215 848 enat,
227 781 351 856 adeoque
363 785 444 838 tutior
453 784 487 837 ab
498 783 599 839 insidiis
612 784 717 856 tyranni
728 783 813 838 videri
823 796 930 856 poaaet;
947 797 1032 840 tamen
1048 805 1102 839 non
1120 787 1206 843 miuus

136 883 194 917 eum
213 867 369 934 metuebat,
392 867 518 940 quoniam
534 866 701 920 Domitianus
720 867 749 918 in
769 865 873 920 infimos
893 868 1016 924 saeviebat
1034 887 1108 941 seque
1126 887 1157 922 ac
1177 870 1204 921 in

136 963 260 1001 summos.

167 1069 239 1117 Vaa.
261 1071 319 1119 tob.
335 1069 454 1119 Claasdius
468 1071 547 1130 sorte,
567 1087 611 1120 seu
626 1071 724 1121 Clodius
735 1072 920 1122 substituendus
933 1074 960 1122 in
974 1073 1055 1122 locum
1068 1075 1152 1123 Rubrii
1157 1111 1166 1137 ,
1183 1087 1207 1123 ct

135 1147 186 1197 ine
196 1151 274 1199 verba
285 1169 318 1200 ex
328 1153 360 1200 iis
372 1153 532 1218 explicanda,
542 1171 596 1218 quse
609 1157 710 1205 sueton.
723 1157 814 1205 Domit.
829 1173 850 1205 c.
862 1172 872 1205 t
883 1192 891 1216 ,
905 1156 936 1204 de
948 1157 1036 1206 Clodio
1050 1159 1174 1218 Pollione,
1183 1171 1207 1206 et

136 1245 247 1297 poemne
259 1236 371 1285 Neronia
382 1237 474 1285 miroedi
485 1239 610 1286 memoria·
623 1239 741 1304 prodidit.
755 1238 803 1287 Sed
814 1255 838 1286 v.
849 1239 944 1288 comm.

166 1325 238 1380 Nor.
262 1327 331 1393 10⁵,
348 1331 408 1382 106.
430 1333 530 1380 turim
549 1329 651 1398 Gallut,
665 1343 694 1384 ut
707 1331 787 1404 vulgo
798 1342 909 1403 putant,
927 1329 1027 1402 dequo
1039 1341 1126 1383 tamen
1139 1329 1206 1383 nihil

133 1407 220 1480 legere
231 1410 360 1475 memini,
375 1422 471 1482 praeter
484 1429 528 1475 aa,
546 1431 605 1484 quae
624 1427 752 1467 memorat
769 1413 854 1467 Tacit.
873 1413 941 1467 Hist.
961 1413 1004 1477 11,
1021 1412 1052 1465 ⁵1
1067 1425 1091 1466 et
1104 1429 1147 1481 99.
1167 1413 1207 1466 Ex

133 1491 226 1544 eodem
241 1493 299 1545 noti
311 1496 413 1545 Rubrius
424 1497 505 1563 Eques
518 1507 544 1548 et
554 1500 616 1551 dub.
632 1500 740 1549 Fabatus
757 1497 826 1549 Ann.
844 1496 876 1561 Ι,
892 1494 942 1566 73;
956 1493 1066 1560 v1,14.
1080 1495 1207 1559 Quonam

133 1589 202 1626 voras
209 1578 267 1647 ejus
276 1577 390 1646 arjj'ensa,
399 1591 472 1646 asqsoe
480 1583 586 1631 taoendo
597 1579 692 1644 inerit,
703 1597 756 1632 uon
765 1589 874 1632 constat.
886 1577 1012 1633 Nonnulli
1023 1577 1091 1629 male
1099 1589 1207 1648 putant,

133 1657 204 1729 quod
216 1659 331 1712 Cocio!
339 1658 496 1731 proditionis
506 1661 626 1716 minister
635 1662 712 1715 luerit
725 1662 795 1731 (vid.
808 1663 832 1714 Τ
833 1681 873 1714 ac.
885 1661 954 1714 Hirr.
963 1649 1006 1723 11,
1018 1663 1085 1730 99),
1094 1660 1206 1728 rectius,

133 1741 238 1812 opinor,
249 1755 305 1795 ret.
318 1742 408 1796 Sobol.
422 1745 488 1812 quod
498 1745 634 1812 aliquando
650 1747 746 1796 Piliam
759 1749 830 1814 (non
843 1747 953 1809 Liviam,
966 1745 1165 1815 nescioquam,
1179 1757 1208 1797 ut

132 1824 202 1878 Pitb.
215 1827 413 1898 anrpicabatnr,
427 1827 474 1881 sed
485 1828 552 1882 sorte
563 1831 663 1889 Iuliam,
677 1826 712 1881 de
721 1846 773 1900 qua
783 1827 846 1881 vide
855 1846 935 1900 supra
948 1826 982 1880 ad
994 1828 1040 1894 11,
1055 1846 1088 1894 ²9
1100 1845 1154 1898 seq.
1166 1828 1208 1882 vel

88 1941 90 1945 ·
137 1910 295 1980 iiiifilabm
306 1911 456 1980 uamfils'om
466 1929 516 1982 pro
529 1913 624 1963 Tibs'am
636 1911 664 1964 in
675 1909 735 1964 ood.
748 1909 891 1979 schmitt.)
906 1913 930 1959 in
936 1912 1044 1978 pueritia
1056 1924 1193 1978 corruperat
1197 1933 1209 1972 ‚-

134 1991 188 2056 ael,
201 1991 225 2044 ai
239 1991 328 2045 Glott.
343 2005 368 2044 et
381 2005 434 2044 vet.
447 1993 596 2044 Comment.
610 1993 708 2045 Lubini
725 1993 791 2045 lides
804 1992 941 2055 habenda,
955 1991 1028 2063 quod
1041 2010 1102 2044 cum
1115 1993 1207 2046 Domi-

133 2075 194 2127 tiani
206 2077 323 2148 conjuge
337 2075 524 2127 concubuerat.
542 2072 698 2128 Calderinua
710 2092 762 2126 non
772 2075 924 2141 dubitabat,
937 2073 989 2127 boc
1006 2075 1113 2127 nomine
1127 2075 1208 2128 alludi

133 2157 285 2211 adveteron
291 2156 423 2210 Rubrium
431 2197 439 2222 ,
448 2157 510 2230 qui,
521 2155 700 2229 deprehensus
711 2156 739 2207 in
750 2157 930 2228 conjuratione
941 2156 1088 2209 Neroniana
1096 2197 1104 2222 ,
1113 2173 1208 2228 magno

133 2242 221 2294 animo
231 2239 330 2293 dixerit
341 2239 454 2301 Neroni,
463 2257 491 2292 se
502 2239 576 2291 illum
587 2238 688 2304 odisse,
701 2251 726 2291 et
737 2239 857 2312 quamvis
868 2239 901 2293 ita
912 2239 1014 2301 audax,
1025 2254 1107 2291 tamen
1119 2242 1208 2309 mpro-

134 2328 185 2376 Ην
193 2323 278 2377 inerit
289 2322 471 2396 ipsoNerone.
486 2320 538 2375 sed
550 2322 572 2374 is
583 2325 682 2374 Subrius
691 2321 835 2376 vocabatur
846 2325 857 2392 (
864 2321 918 2376 vid.
930 2323 994 2377 Tac.
1005 2323 1073 2378 Anu.
1084 2323 1147 2390 XV,
1158 2331 1207 2393 49,

136 2407 182 2474 5⁰,
195 2408 248 2474 6⁵,
260 2409 329 2479 67),
344 2417 386 2471 et,
405 2423 565 2478 quamquam
578 2404 631 2458 hoc
645 2423 741 2458 nomeu
753 2405 935 2471 substituerit,
954 2406 1009 2478 ipta
1024 2417 1111 2459 tamen
1124 2408 1207 2478 expli-

134 2493 203 2546 catio
214 2509 311 2545 vereor
322 2502 352 2542 ut
365 2491 455 2544 moltis
466 2490 601 2562 probetur.
621 2489 714 2542 Manto
725 2489 789 2545 ‚bec
801 2487 935 2542 adnotavit
955 2508 962 2542 :
984 2490 1110 2544 «Frustra
1124 2492 1152 2543 in
1166 2491 1208 2545 hic

135 2576 304 2641 divinamus,
316 2574 364 2626 ubi
377 2573 485 2626 historia
499 2573 571 2635 silet,
593 2583 618 2624 et
631 2571 730 2624 scholia
749 2573 787 2624 nil
808 2573 872 2626 certi
889 2572 1026 2627 definiunt.
1042 2578 1143 2627 Rubrio
1154 2595 1207 2630 non

135 2671 225 2712 contra
235 2675 329 2712 ornnes
346 2655 470 2709 modesto
485 2655 583 2708 criticas
599 2654 702 2726 regulae
719 2653 944 2708 translormandua
960 2656 988 2707 in
1008 2659 1136 2708 Claudium
1152 2658 1209 2711 sire

138 2744 266 2801 ctodlum,·
285 2758 335 2792 nec
351 2739 433 2810 magio
450 2736 575 2791 audiendi
590 2748 665 2803 sunt,
682 2736 729 2809 qui
746 2739 869 2808 offemm
885 2737 919 2791 ad
938 2739 1022 2810 stupri
1039 2739 1146 2812 aliquod
1163 2753 1209 2795 aut

135 2823 256 2877 adulterii
268 2822 370 2876 crimen
380 2821 497 2874 referunt
506 2861 514 2886 ,
523 2832 549 2873 et
556 2838 596 2873 vt.
610 2820 661 2872 106
670 2818 704 2872 ad
714 2819 861 2900 Neronem,
872 2820 918 2891 qui
929 2820 986 2893 ipse
994 2823 1101 2872 cinaedus
1113 2822 1205 2886 luerit,

136 2919 161 2960 et
178 2918 267 2958 tamen
281 2903 420 2958 Afranium
435 2903 638 2969 Quinetiam,
658 2901 768 2956 mollitia
786 2903 903 2974 corporis
920 2902 1061 2970 infamem,
1079 2906 1207 2976 probroso

136 2989 253 3044 carmine
263 2986 458 3052 diffamaverit,
479 2985 579 3058 dequo
592 2983 654 3038 vide
667 2985 733 3038 Tac.
746 2985 815 3036 Anu.
828 2984 893 3051 XV,
910 2991 963 3053 49:
977 3002 1037 3038 nam
1049 2997 1080 3038 ut
1091 2998 1206 3052 taceam,

136 3075 259 3142 offensam
272 3069 374 3124 dictum
386 3071 491 3141 ponus,
504 3080 550 3121 aut
562 3069 662 3120 lactum
674 3067 767 3120 Rubrii
781 3067 875 3120 sivein
887 3078 988 3139 patrem
999 3066 1206 3139 Vespasianum,

137 3156 191 3208 aive
208 3155 236 3208 in
246 3154 333 3208 lilium
350 3152 548 3217 Domitianum,
568 3151 695 3216 innuere,
717 3149 855 3202 obscurior
873 3150 952 3202 etiam
969 3149 1006 3202 sic
1024 3161 1128 3204 notatus
1141 3164 1208 3205 esset

137 3237 206 3290 Nero
213 3278 223 3304 ,
242 3255 324 3309 qnam
341 3248 373 3288 ut
391 3234 552 3288 intellectum
565 3233 598 3285 iri
610 3245 687 3305 poeta
699 3251 804 3304 sperare
816 3243 912 3304 postet
932 3231 1065 3297 Quorsum
1078 3235 1207 3305 pertineat

137 3327 244 3376 masos
254 3327 345 3374 sotim
356 3323 477 3386 scribom,
490 3319 587 3374 vidisse
603 3331 668 3391 puto
680 3318 842 3384 Gesnerum,
861 3317 908 3389 qui
920 3317 949 3369 in
959 3317 1095 3373 Thesauro
1108 3320 1140 3373 L.
1155 3321 1187 3374 L.
1197 3359 1205 3384 ,

139 3421 314 3463 aermnostro
322 3406 439 3472 laudato,
443 3409 574 3476 proverbii,
587 3404 674 3476 inquit
681 3443 690 3470 ,
695 3405 805 3474 somam
817 3403 896 3454 habet.
908 3401 991 3454 Acute
1002 3413 1027 3455 et
1037 3403 1113 3454 vere!
1126 3401 1205 3456 Plura
1314 3455 1319 3464 ,

136 3491 169 3546 de
177 3495 279 3544 ἁπαλὴ
288 3489 489 3563 proverbialiter
496 3487 567 3542 dicta
577 3488 697 3560 legimns,
705 3486 780 3545 verbi
788 3503 876 3548 caussa
883 3524 891 3551 ,
899 3487 1033 3537 molliorem
1042 3504 1094 3536 esse
1102 3487 1205 3552 ciooedo,

138 3575 221 3630 Plant.
233 3575 294 3628 au.
310 3573 368 3640 111,
382 3593 411 3638 a,
425 3574 461 3638 8,
475 3574 811 3641 ebredosronteseprodarc,
822 3569 899 3622 lda'rt.
909 3569 966 3634 vt,
976 3569 1021 3636 39,
1035 3587 1082 3634 ¹¹3
1096 3581 1121 3622 et
1134 3569 1206 3640 apud

137 3659 223 3730 lpum
233 3670 355 3712 noenum
365 3668 471 3729 poetam
481 3654 564 3722 xlv,
578 3652 626 3721 30,
641 3673 712 3706 ceras
724 3657 761 3705 ad
774 3653 876 3704 moechos
889 3654 990 3704 cinoedis
998 3653 1120 3720 ferendas
1133 3653 1203 3704 dare.

136 3741 208 3808 Quid
220 3739 322 3814 igitur?
340 3740 363 3792 ai
375 3739 505 3792 Rubrium
517 3757 599 3791 unum
615 3757 629 3792 e
641 3738 792 3811 turpissimo
804 3736 972 3808 publicorum
986 3745 1167 3790 accusatorum
1180 3748 1205 3788 et

136 3825 282 3879 delatorum
294 3841 375 3898 grege
388 3823 467 3876 fuisse
480 3821 608 3886 dicimus,
620 3821 792 3892 versibusque
803 3821 820 3872 J
822 3819 938 3873 uvenilis
955 3818 1026 3872 hunc
1040 3835 1144 3871 sensum
1157 3820 1204 3872 tri·

136 3907 239 3961 bnimm
260 3926 267 3961 :
286 3907 386 3962 Aderat
403 3905 482 3959 etiam
500 3902 621 3975 ignobilis
640 3903 771 3969 Rubrius,
792 3903 848 3975 ipse
862 3901 970 3973 quidem
986 3902 1052 3954 lese
1065 3902 1204 3973 majettatis

136 4009 204 4056 reos,
215 3990 264 4046 aed
275 4001 348 4044 tauta
359 3987 535 4061 improbitate,
548 3999 577 4039 ut
587 3985 702 4059 ejusdem
711 3985 828 4040 criminis
841 3984 906 4036 alios
917 4002 976 4037 reos
986 3983 1082 4038 laceret
1090 4021 1099 4047 ,
1108 4000 1203 4054 pecca-

138 4086 243 4146 tumque
251 4090 350 4137 sunm,
360 4082 435 4124 tetus
446 4068 524 4135 illud,
536 4069 700 4142 maximaque
710 4074 772 4123 ct'tm
782 4085 844 4120 cura
855 4064 1008 4133 celandum,
1020 4064 1098 4118 stulte
1107 4065 1135 4116 in
1148 4083 1203 4120 me·

136 4157 244 4210 noriam
254 4154 399 4208 hominum
408 4165 558 4218 revocaret,
575 4169 683 4224 prorant
694 4151 786 4206 similia
796 4148 972 4215 cinedorum,
984 4148 1030 4220 qui
1047 4147 1074 4201 in
1091 4145 1203 4204 cinados
