3122 4986
545 441 777 509 ARGUMEN
783 439 898 506 TUM.
1183 445 1249 512 623

188 559 317 636 phasset,
332 557 389 616 uisi
400 556 537 634 ignobilis
547 560 673 635 collega,
691 559 804 616 duobus
818 557 874 614 sibi
886 555 992 613 oblatis
1007 553 1177 633 triumphis,
1191 581 1252 618 amo

189 662 341 709 contentus
354 651 472 721 fuisset,
492 671 521 706 v.
545 649 711 719 uss-253.
730 650 829 720 Decii,
850 647 957 725 plebeii
980 658 1009 705 et
1028 649 1132 707 humili
1147 653 1253 710 familia

188 743 280 819 geniti
292 743 439 811 homiues,
454 761 510 817 pro
524 741 618 816 patria
628 760 658 798 se
668 742 867 813 devoverunt,
882 741 981 798 ethaeo
992 741 1117 817 piacula,
1133 756 1254 820 propter

189 853 378 908 personarum
406 835 595 912 dignitatern,
623 834 844 891 averruncandae
869 833 993 891 deorum
1017 834 1066 890 ire
1094 835 1254 904 suffecere,

189 943 218 981 v.
232 923 398 992 ass-258.
413 926 546 996 Servius,
561 925 674 1000 captiva
686 935 785 994 natus,
799 942 921 1001 regnum
939 923 1061 999 adeptus
1075 935 1135 995 est,
1156 937 1185 981 et
1199 925 1255 982 bo-

190 1035 296 1074 norum
307 1036 408 1094 regum
422 1018 540 1074 ultimus
553 1018 624 1089 luit,
640 1037 669 1072 v.
686 1015 851 1092 259-260.
864 1015 930 1072 Filii
943 1027 1044 1074 contra
1056 1017 1156 1088 Bruti,
1168 1017 1256 1092 primi

188 1109 330 1180 consulis,
344 1128 410 1166 cum
420 1109 482 1166 aliis
493 1108 723 1166 adolescentibus
732 1107 878 1165 nobilibus
887 1107 924 1164 de
932 1108 1026 1182 patria
1034 1107 1130 1182 ejectis
1139 1107 1256 1184 regibus

191 1199 341 1275 prodenda
353 1199 591 1273 conjuraverunt,
604 1211 633 1257 et
644 1219 744 1257 servus
755 1217 816 1256 rem
826 1199 865 1256 ad
877 1201 975 1256 Patres
989 1199 1106 1270 detulit,
1119 1218 1147 1255 r.
1158 1199 1256 1256 261-

193 1289 258 1347 268.
271 1291 387 1346 Praestat
399 1291 497 1367 itaque
509 1291 612 1347 humili
625 1293 691 1349 loco
704 1303 804 1348 natum
815 1309 883 1360 esse,
899 1301 928 1348 et
939 1289 1096 1348 virtutibus
1108 1292 1256 1358 excellcre,

193 1401 278 1458 quam
285 1381 427 1456 majorum
434 1383 555 1459 gloriam
565 1383 642 1440 vitiis
650 1381 823 1460 flagitiisque
834 1382 1041 1454 contaminare,
1049 1402 1078 1439 v.
1089 1384 1224 1459 aliq-ap
1231 1403 1256 1439 1.

195 1475 374 1550 Quicumque
387 1492 458 1531 vero
476 1475 523 1531 vel
537 1474 734 1557 antiqqissimn
748 1474 838 1549 stirpe
853 1474 913 1530 orti
927 1485 1010 1547 sunt,
1027 1473 1064 1530 ab
1080 1474 1257 1552 ignobilibus

191 1574 270 1621 certe
282 1575 331 1621 aut
343 1565 486 1622 sceleratis
498 1565 572 1622 adeo
584 1565 750 1622 hominibus
766 1584 857 1642 genus
871 1564 999 1637 ducunt,
1011 1585 1040 1621 r.
1055 1564 1222 1637 a7a-a75.

469 1995 704 2082 SATIRAE
730 1990 982 2083 OCTAVAE

595 2193 854 2252 ANALYSIS.
961 2257 964 2262 ¹

236 2391 330 2450 Satira
343 2387 520 2446 nobilissimo
535 2398 564 2445 et
579 2367 790 2462 perfectissimis
805 2396 898 2461 poetae
912 2385 1006 2442 nostri
1019 2387 1193 2448 carminibus
1207 2393 1259 2449 ad·

197 2481 383 2540 numeranda.
408 2481 448 2536 Ea
469 2479 604 2554 preclare
626 2476 740 2547 docuit,
763 2495 861 2534 veram
884 2476 1065 2535 nobilitatem
1089 2499 1150 2536 non
1168 2485 1260 2539 reteri

200 2574 333 2653 prosapia
348 2583 377 2630 et
394 2571 492 2628 multis
512 2571 700 2646 imaginibus,
720 2569 771 2626 sed
789 2569 945 2626 virtutibus
963 2571 1130 2647 magnisque
1149 2573 1180 2628 in
1199 2593 1260 2630 rem

199 2667 343 2744 publicam
357 2664 466 2722 meritis
479 2663 635 2733 contineri3
651 2661 739 2737 idque
753 2660 889 2736 exemplis
905 2661 1129 2736 exquisitissimis
1139 2663 1262 2723 illustra.

200 2759 252 2816 rit.
273 2756 371 2816 Simile
383 2763 584 2832 argumentum
601 2753 734 2810 tractavit
752 2753 889 2810 Horatius
904 2753 963 2810 Sat.
982 2755 1012 2824 1,
1032 2755 1061 2828 6,
1082 2756 1133 2813 sed
1151 2758 1262 2814 ratione

200 2852 286 2926 longe
296 2848 415 2904 diversa.
427 2845 506 2915 Quid
517 2843 630 2901 intersit
639 2843 716 2902 inter
726 2844 877 2901 Horatium
888 2855 918 2901 et
928 2846 1111 2918 iuvenalem,
1121 2848 1179 2922 jam
1188 2850 1262 2906 bene

200 2941 326 3000 ostendit
338 2938 443 3014 Koeuig
453 2937 490 2994 de
498 2937 556 2995 Sat.
566 2939 652 2992 llom.
664 2955 693 3012 p.
706 2956 754 3008 71,
763 2936 807 2992 his
818 2936 915 2993 verbis
927 2958 936 2992 ε
951 2960 963 2986 α
975 2939 1062 3012 Apud
1073 2940 1154 2996 illum
1167 2941 1262 2998 omnia

202 3031 340 3092 sermonis
358 3027 494 3086 naturalis
510 3025 560 3084 filo
578 3028 755 3103 proceduut;
770 3029 999 3103 unumquodque
1013 3041 1115 3104 sponte
1133 3032 1210 3090 nesci
1227 3052 1262 3090 ex

201 3121 450 3190 antecedentibus,
466 3129 516 3176 aut
526 3119 586 3175 sine
599 3118 696 3176 studio
709 3119 838 3175 oblatum
854 3117 982 3189 videtur,
996 3120 1125 3196 nihilque
1137 3123 1197 3179 lere
1208 3123 1263 3178 nisi

203 3217 320 3274 turbato
335 3213 464 3272 omnium
478 3210 582 3268 ordine
596 3220 691 3284 potest
700 3209 817 3267 omitti:
834 3209 881 3266 hic
896 3211 1020 3286 primum
1036 3213 1130 3270 miuus
1143 3215 1264 3271 circum-

202 3320 297 3386 specte
308 3307 412 3364 vitium
423 3324 440 3360 a
453 3304 550 3361 fronte
559 3303 739 3380 aggreditur,
751 3302 855 3359 deiude
864 3302 895 3358 in
905 3302 983 3358 vitiis
994 3314 1023 3359 et
1031 3306 1198 3380 opprobriis
1207 3325 1262 3362 no-

202 3401 320 3458 bilitatis
329 3397 460 3473 undique
468 3395 637 3471 colligendis
648 3393 783 3465 desudat,
792 3413 899 3469 eaque,
910 3405 945 3451 ut
958 3395 1065 3452 hiatum
1075 3399 1191 3472 quidem
1203 3416 1263 3454 non

202 3491 410 3550 animadvertas
425 3489 531 3557 ullum,
544 3487 641 3560 aliqua
662 3484 773 3542 ratione
788 3485 907 3542 intense
925 3487 1071 3544 consociat
1087 3499 1116 3546 et
1133 3489 1260 3563 copulat3

202 3594 342 3661 apparent
354 3593 467 3651 tamen,
485 3591 518 3636 ut
532 3580 564 3635 iu
578 3597 666 3653 opere
679 3577 839 3653 composito
853 3588 882 3633 et
895 3578 1026 3635 nondum
1043 3579 1154 3650 dolato,
1169 3590 1263 3654 partes

204 3694 358 3751 earumque
374 3673 578 3741 commissura,
598 3671 734 3744 niallaque
749 3669 822 3727 adeo
837 3688 903 3725 cum
918 3679 981 3726 toto
1001 3671 1138 3742 cohaeret,
1157 3684 1264 3728 utnon

203 3781 255 3826 aut
270 3769 356 3825 alium
371 3770 466 3824 locum
477 3767 627 3836 obtinere,
640 3775 689 3820 aut
703 3764 822 3820 omnino
835 3762 932 3818 abesse
944 3763 1045 3838 possit.
1061 3765 1125 3821 Hoc
1140 3765 1264 3820 materie

204 3860 338 3939 parandae
362 3871 391 3916 et
414 3858 612 3915 coacervandae
634 3856 741 3928 nimio,
764 3855 845 3931 quod
866 3854 1043 3912 declamandi
1064 3857 1264 3914 consuetudini

206 3954 297 4013 tribui
314 3963 423 4028 potest,
446 3951 542 4008 studio
566 3949 687 4020 omisso,
712 3949 743 4004 in
764 3947 894 4023 partibus
918 3945 1112 4022 exprimendis
1134 3949 1205 4004 mira
1223 3960 1265 4005 est

205 4047 351 4106 luvenalis
366 4043 507 4112 sollertia,
521 4055 554 4098 nt
569 4043 600 4098 in
612 4043 664 4097 hac
681 4061 712 4098 re
726 4043 773 4097 vel
786 4058 850 4096 cum
865 4039 988 4094 Horatio
1004 4051 1147 4097 certamen
1161 4040 1187 4097 ei
1204 4059 1265 4096 non

206 4139 304 4196 luisset
314 4135 601 4214 perhorrescendurn.
616 4156 627 4184 n
642 4166 682 4178 -
699 4132 810 4206 Scripta
827 4141 869 4188 est
884 4133 944 4188 haec
958 4131 1050 4190 Satira
1065 4144 1130 4208 post
1144 4143 1266 4190 mortem
