3058 4988
396 478 450 543 IN
473 477 702 544 SATIRAM
723 479 948 546 SEXTAM.
1144 485 1208 570 407

166 581 236 640 vis.
255 593 300 655 96.
317 591 436 656 Corpore,
448 593 491 642 ⁸5.
503 620 539 630 —
553 592 663 654 Possint,
677 611 719 642 un.
733 621 768 632 —
784 595 934 658 consistere,
952 606 992 654 rt.

167 681 237 736 Nor.
250 701 296 754 97.
310 685 386 740 Conl-
400 705 439 740 vs.
451 686 516 750 284,
527 686 590 754 285,
599 699 626 741 et
635 687 720 742 Plnut.
731 688 789 741 Mil.
800 689 875 742 Glor.
885 690 927 755 11,
936 688 963 755 5,
974 689 1070 762 54seq.
1080 689 1210 749 Schurnll.

132 767 241 822 lectores
253 772 364 824 remittit
382 770 416 825 nd
434 773 476 824 Jo.
496 771 604 826 Filesrci
617 791 728 826 uxorem
738 775 853 846 justum,
871 793 932 847 pag.
952 773 1003 846 73,
1019 793 1099 847 quem
1112 775 1210 827 librum

132 852 165 904 ab
180 851 226 918 iis,
238 854 286 926 qui
299 868 418 910 nostrum
432 855 539 910 satiram
555 875 677 910 enarrare
689 857 786 922 velint,
801 859 922 930 perpetui
934 858 1017 912 iustsr
1030 858 1211 912 commentarii

132 935 195 988 dicit
206 937 401 994 consulendum
411 957 474 993 esse.
486 940 571 994 Doleo
582 940 684 1011 itaque,
697 959 758 993 eum
769 940 836 994 mihi
845 959 899 994 nou
909 940 944 996 sd
954 959 1047 995 munus
1058 959 1121 995 csse.

164 1033 235 1087 Nor.
256 1037 301 1104 98.
315 1041 406 1088 Dumrn
420 1051 472 1101 est,
486 1039 563 1091 uxori
574 1037 686 1090 videtur.

165 1129 234 1184 Nor.
256 1149 300 1200 99.
314 1137 428 1200 Sents'rrs,
440 1151 569 1206 aquarum
582 1131 755 1204 sordiumque
766 1130 893 1184 colluvies
906 1131 934 1183 in
947 1131 1030 1184 tundo
1040 1132 1126 1198 navis,
1136 1134 1211 1204 cujus

132 1211 199 1266 odor
215 1219 301 1284 gravis
315 1229 353 1270 ent
366 1230 391 1270 et
403 1229 477 1270 teter.
493 1219 600 1269 Sentinas
610 1219 709 1268 nuvium
722 1219 819 1267 odorem
830 1219 916 1280 procul
921 1215 1024 1284 fugiunt
1029 1217 1126 1285 pisces,
1139 1215 1209 1267 Plin.

133 1296 220 1368 X‚70,
228 1317 251 1352 s.
261 1317 306 1368 9⁰·
313 1305 464 1351 -Somsnos
472 1303 638 1366 vestiniracr,
645 1299 801 1372 vertiginem
809 1299 913 1352 simulat
920 1300 1059 1352 oculorum
1066 1299 1211 1371 animique,

131 1399 189 1453 quse
201 1382 296 1450 iaciat,
315 1397 344 1437 ut
360 1385 452 1437 culum
467 1385 547 1451 verti,
558 1402 714 1456 summaque
725 1387 782 1456 ejus
793 1401 854 1456 pars
865 1384 919 1436 ima
929 1383 986 1438 lieri
997 1385 1048 1437 sibi
1057 1383 1188 1438 ridentur.
1201 1395 1211 1419 ¹

164 1479 234 1532 Nor.
258 1499 316 1534 roo.
328 1479 425 1553 Hippia
437 1483 559 1534 stomacho
574 1484 661 1543 calet,
680 1500 733 1535 uon
747 1482 849 1534 laborat
861 1481 1022 1548 vomitione,
1040 1483 1084 1536 rel
1098 1502 1193 1536 nausea
1203 1469 1214 1549 ,⁴

132 1580 189 1634 que
197 1563 262 1616 riris
271 1563 351 1616 etism
361 1564 546 1636 navigantibus
552 1565 681 1638 obrepere
691 1564 765 1618 solet.
775 1567 824 1616 Illa
834 1564 938 1628 mulier,
948 1585 1006 1638 qne
1016 1565 1097 1618 iuvita
1105 1579 1130 1618 et
1138 1569 1214 1638 jussu

132 1645 251 1718 conjugis
265 1664 327 1699 cum
340 1664 372 1699 co
385 1648 503 1719 navigat,
515 1666 644 1702 nauseans
657 1651 772 1700 maritum
784 1651 915 1711 convomit,
930 1649 1033 1701 vomitu
1045 1661 1211 1722 conspurcat.

168 1815 237 1864 Vns.
260 1831 318 1865 sor.
330 1815 442 1880 Eoomit,
456 1817 497 1870 so.

166 1908 237 1962 Nor.
261 1927 320 1962 ror.
345 1913 416 1974 Hac,
435 1930 494 1984 que
512 1909 645 1964 moechum
659 1911 796 1984 sequitur,
815 1913 980 1963 intermittas
991 1913 1110 1981 prandet.
1126 1941 1161 1952 -
1173 1915 1213 1966 De

129 1991 234 2057 prandio
244 1991 426 2044 Romanorum
436 1990 616 2060 (Friihstiicls,
624 2010 638 2042 a
646 1989 704 2044 dor.
717 1988 786 2064 sepiis
798 2011 848 2064 pro
858 1981 939 2065 ml,
951 1995 1053 2060 mnne),
1064 1990 1120 2045 vid.
1132 1991 1214 2044 Botti-

134 2073 187 2144 geri
198 2073 296 2126 Sabina
305 2115 312 2140 ‚
322 2093 381 2147 pag.
396 2073 464 2141 302,
478 2073 539 2127 303.
551 2106 586 2116 -
598 2079 720 2126 findentes
732 2087 838 2126 tranare
845 2112 855 2140 ,
868 2073 943 2128 iuuet
954 2073 1059 2128 (lucere.

168 2231 235 2278 Vn.
257 2245 315 2277 rou.
329 2231 446 2297 Puppim,
462 2247 506 2292 11,
521 2231 563 2282 65.

167 2327 238 2373 Vns.
262 2327 319 2374 103.
330 2327 434 2374 Inventa
445 2337 494 2386 est,
510 2343 550 2387 ro,
564 2343 608 2389 ss,
621 2343 665 2388 ru,
680 2338 723 2388 st,
736 2329 778 2389 1⁵,
793 2329 907 2389 21-25,
919 2327 1032 2387 45-50,
1045 2328 1200 2384 tit-oona

135 2408 251 2469 64-69,
262 2415 375 2467 71-74.
388 2408 419 2454 Iu
431 2407 534 2470 reliquis
545 2407 617 2456 libs-ts
627 2423 680 2456 uon
690 2407 779 2471 legitur
789 2394 821 2456 si
829 2417 878 2464 cst,
893 2405 962 2470 quod
973 2415 1055 2453 tumen
1068 2405 1137 2454 focile
1147 2406 1214 2454 cxci·

135 2489 193 2536 dere
211 2490 293 2554 potuit
311 2499 412 2554 propter
431 2491 562 2555 compend,
583 2491 657 2538 scrib.
671 2489 788 2554 quodque
811 2506 858 2538 nos
878 2490 1042 2550 inseruimus,
1059 2506 1092 2536 no
1108 2499 1214 2554 quatuor
1296 2501 1297 2509 ¹

140 2581 205 2617 certe
216 2558 399 2634 iptttsintm
408 2569 552 2634 junguntur.

169 2659 239 2713 Nor.
264 2657 411 2712 103—112.
426 2659 523 2732 Hippin
538 2657 624 2730 Sergii
637 2676 726 2711 rmore
738 2671 813 2731 copta
828 2672 883 2725 est,
896 2677 950 2712 non
965 2660 1002 2711 ob
1014 2659 1126 2713 lormnsn
1136 2673 1161 2713 et
1169 2663 1213 2733 ju·

135 2755 287 2804 reututem,
301 2741 373 2814 quod
383 2743 519 2814 justiorem
533 2741 642 2794 haberet
654 2742 849 2795 excusationem
858 2745 869 2810 (
876 2759 936 2794 nam
941 2740 1069 2794 deformis
1074 2743 1119 2795 ille
1126 2755 1177 2808 est,
1190 2757 1215 2797 et

135 2829 318 2899 prorectrjnm
326 2827 421 2895 utute),
429 2823 739 2898 sedquisgludintorest,
747 2837 850 2880 etarmn
859 2829 1214 2896 tructut.-Eusrss'tssmna‚·

137 2913 191 2966 vid.
203 2911 239 2966 nd
249 2912 297 2965 Sil.
310 2911 346 2977 V,
362 2911 402 2967 ¹5.
415 2916 504 2962 Forma
516 2921 542 2964 et
547 2913 650 2980 juventa
660 2930 710 2984 pm
721 2914 837 2965 formoso
848 2910 957 2964 homine
968 2923 994 2965 et
1003 2915 1111 2985 juvene.
1122 2945 1159 2956 -
1168 2919 1215 2964 Lu·

136 3000 196 3062 ds'a,
214 3013 287 3048 nunc
304 2993 372 3047 ludii
388 2995 535 3048 concubina
551 3007 596 3047 ant
614 3013 698 3060 uxor,
715 3013 799 3067 quum
815 3007 890 3049 nutes
907 2995 1034 3048 senatoria
1052 2999 1126 3050 citet.
1144 2996 1215 3050 Vide

136 3099 207 3152 rupr.
220 3078 255 3132 ud
267 3097 306 3133 vs.
319 3079 363 3132 8².
377 3107 413 3118 —-
426 3079 555 3150 Sustinuit,
568 3096 643 3149 passa
658 3091 711 3142 est,
724 3098 778 3131 nou
791 3081 931 3134 recusavit.

169 3175 240 3230 Nor.
263 3175 322 3230 105.
340 3178 459 3244 Sergiolus
477 3173 570 3228 festive
584 3175 731 3247 appellatur
746 3179 852 3245 Sergium
869 3189 896 3230 et
907 3175 1005 3230 blundo
1024 3177 1148 3242 nomine,
1160 3197 1215 3250 qno

137 3257 235 3329 Hippin
252 3273 324 3310 nuuc
338 3257 377 3310 uti
390 3257 505 3320 solebat3
520 3255 563 3309 rel
575 3248 700 3329 ιὶςιηιιῖε
712 3253 748 3308 de
762 3253 886 3322 homine,
900 3256 946 3327 qui
960 3255 1046 3309 luerst
1058 3258 1176 3330 juvenis,
1190 3271 1216 3311 et

136 3341 199 3396 hine
217 3341 305 3398 dictu·
316 3341 381 3394 olim
399 3343 530 3408 Sergiolus,
544 3338 591 3393 sed
603 3357 674 3392 unnc
689 3357 744 3391 non
758 3339 871 3411 amplius
884 3351 955 3392 esst:
970 3359 1029 3390 narn
1041 3357 1149 3408 coeperat
1158 3344 1216 3409 jam

137 3443 227 3496 guttur,
240 3438 376 3490 mentum,
392 3425 520 3489 horbam,
534 3427 637 3484 rudere,
656 3421 729 3494 quod
744 3422 796 3474 riri
810 3434 913 3474 tautum
930 3422 1038 3477 faciunt.
1057 3423 1124 3488 Ques
1135 3427 1215 3477 verbs

140 3527 217 3563 uenio
226 3509 312 3581 intpp.
323 3507 398 3581 quod
408 3507 511 3560 mireris
521 3545 529 3573 ,
541 3507 683 3562 intellexit:
698 3525 780 3578 quere
794 3506 851 3560 hue
863 3505 975 3560 tenende
986 3519 1054 3560 suut.
1064 3506 1150 3560 Prisci
1160 3509 1215 3560 Ro-

140 3594 210 3646 mani
221 3592 319 3646 intonsi
332 3603 423 3658 eruut,
436 3591 598 3664 herbamque
608 3591 711 3644 slebrnt
721 3589 849 3662 usquead
860 3609 884 3643 s.
894 3590 930 3643 U.
944 3591 975 3642 C.
987 3589 1152 3654 CCCCLIV,
1161 3609 1216 3662 qno

139 3680 256 3751 primum
267 3690 386 3731 tonsores
397 3679 508 3728 Romam
520 3676 631 3731 adduxit
648 3695 663 3728 e
677 3675 766 3729 Sicilia
780 3674 811 3727 P.
824 3674 944 3728 Ticiuius
955 3673 1034 3726 Meno
1053 3673 1090 3740 (l.
1100 3673 1215 3728 Titinius

560 3862 790 3881 mmmm

176 4003 185 4028 ¹
204 3999 353 4063 Grangaeus,
363 3999 407 4063 qui
420 3999 471 4048 haeo
482 4014 548 4046 mers
560 3997 655 4044 somnia
698 3997 749 4058 jam
762 4006 928 4062 tempestntem
938 3994 1012 4056 oriri,
1021 4005 1045 4043 ct
1053 4011 1134 4045 aerem
1143 3999 1215 4046 verti.

139 4079 252 4142 putabat,
266 4077 322 4126 coll.
340 4081 413 4143 Prop.
431 4083 468 4138 11,
487 4078 519 4138 5,
538 4093 567 4124 ια
586 4076 656 4142 (Nec
700 4075 748 4124 Sed
767 4073 807 4124 illa
825 4075 956 4140 explicatio
973 4074 1031 4122 lsuic
1049 4075 1215 4140 praeses-cuda,

139 4157 210 4206 dnbio
220 4159 298 4206 nubes
308 4157 411 4206 vsrts'tm
422 4171 479 4224 atra¹
490 4155 578 4221 Noto),
589 4155 657 4204 huno
701 4165 753 4202 turn
769 4165 871 4220 propter
886 4154 961 4220 epith.
974 4171 1095 4222 summm,
1111 4167 1163 4206 tum
1182 4155 1215 4204 ob

138 4237 218 4288 locum
230 4239 405 4305 iuterpretatur
422 4241 469 4288 itu:
484 4239 544 4288 dicit
555 4237 657 4298 marito,
701 4236 827 4286 sententiae
837 4235 1009 4302 praestantium.
