3058 4988
325 404 390 479 460
484 405 658 472 VARIAE
681 401 978 470 LECTIONES
1001 403 1064 468 ΕΤ
1086 400 1242 470 NOTAE

325 523 418 587 mines,
430 519 525 574 Clodio
539 519 636 574 similes
649 520 733 590 (conl.
748 518 782 572 ad
792 517 832 578 11,
845 515 900 586 39),
914 515 961 587 qui
974 515 1032 584 ipsa
1041 515 1141 586 templa
1153 526 1180 568 et
1188 531 1250 566 aras
1263 509 1405 566 adulteriis

322 605 483 677 probrisque
496 605 652 676 profanent,
671 603 760 656 ubivis
779 601 958 672 reperiuntur.
978 601 1045 653 Num
1059 599 1149 652 Clodii
1166 597 1338 669 temporibus
1348 596 1404 667 jam

322 705 420 759 magna
430 686 555 760 quidem,
566 687 713 741 nec'tamen
726 697 814 750 tauta,
825 695 925 756 quanta
939 685 984 750 iis,
996 683 1095 755 quibus
1105 695 1185 755 poeta
1198 681 1284 746 vixit,
1296 697 1403 732 morum

322 773 477 842 corruptela
491 770 551 824 luit.
568 771 659 841 Vulgo
671 784 730 820 tuuc
742 769 778 822 de
792 769 897 840 prisco,
912 767 955 822 vel
972 766 1039 820 adeo
1050 785 1132 819 aureo
1143 765 1282 834 accipitur
1294 761 1402 822 seculo,

322 855 367 906 oui
383 856 529 926 etreliqua
541 856 622 908 verbs
637 854 722 926 magis
736 853 908 906 conveniunt.
923 851 976 906 Sed
990 852 1062 905 nulla
1076 853 1133 923 ejus
1144 849 1250 904 mentio
1265 848 1404 920 prmissa

322 949 375 1000 est;
388 940 441 992 uisi
455 939 524 993 sorte
535 939 682 1001 existimes,
694 950 801 1009 poetam
816 935 879 990 inde
892 956 907 992 a
918 955 957 992 ss.
970 935 1023 988 286
1031 932 1243 1004 descriptionem
1253 941 1403 984 commuta·

321 1021 403 1074 tionis
420 1035 574 1094 temporum
590 1039 749 1093 morumque
765 1019 899 1092 persequi.

357 1204 425 1252 Vsa.
445 1204 505 1262 343.
519 1202 663 1268 Srinpuuium
669 1221 680 1260 ;
693 1202 743 1250 vid.
753 1213 805 1250 not.
815 1201 846 1250 sil
853 1202 881 1251 h.
891 1202 908 1249 l.
920 1229 956 1239 -
967 1202 1064 1251 Numen
1071 1237 1080 1260 ,
1094 1219 1118 1264 7.
1127 1229 1162 1240 -
1174 1199 1312 1266 Nigrumve
1319 1232 1328 1255 ,
1339 1212 1367 1258 a,
1379 1197 1401 1254 3,

327 1303 366 1346 ιο,
384 1303 428 1347 ιι,
443 1294 554 1348 ι4-ι7,
569 1295 687 1345 ιο-ι4,
703 1288 745 1346 45,
759 1287 800 1336 85.
815 1288 905 1334 Parum
919 1285 1027 1335 interest.
1042 1286 1201 1352 Primumque
1212 1284 1311 1350 legebat
1326 1281 1403 1330 Hadr.

192 1421 194 1438 Ι
264 1436 267 1447 .
321 1372 412 1419 lunius
421 1370 552 1419 Animadv.
567 1372 607 1430 11,
622 1387 646 1419 ι.

358 1461 426 1514 Nor.
447 1461 498 1526 343
509 1480 564 1533 seq.
585 1462 672 1515 Nemo
688 1461 756 1514 olim
773 1461 963 1516 contemnebat
979 1461 1117 1518 ridebatve
1127 1435 1200 1516 ¹adeo
1213 1463 1259 1516 vel
1275 1461 1340 1534 ipsa
1353 1479 1402 1513 no·

322 1547 412 1614 mina,
427 1547 470 1600 vel
483 1566 547 1601 vasa
563 1565 660 1619 parva,
676 1547 730 1599 sive
743 1547 849 1618 lignes,
863 1546 921 1600 sive
936 1547 1043 1611 fictilia,
1058 1567 1173 1620 quorum
1191 1565 1257 1600 usus
1273 1546 1303 1598 in
1319 1545 1401 1600 saeris

321 1631 487 1684 servabatur.
506 1632 585 1685 Conl.
597 1631 678 1702 Apul.
690 1630 768 1702 Apol.
779 1649 806 1702 p.
819 1631 882 1695 285,
894 1637 937 1695 4ι,
946 1629 989 1684 ed.
1000 1631 1068 1684 Em.
1083 1663 1117 1674 -
1130 1635 1280 1700 simpuvium
1295 1629 1401 1684 restitui

321 1730 353 1764 ex
371 1729 396 1776 1,
413 1731 453 1774 ro,
470 1731 581 1786 17-20,
594 1718 626 1776 ι4
636 1752 643 1776 ,
655 1713 699 1778 68,
712 1716 757 1780 69,
774 1715 1113 1785 71-73,quescripture
1131 1713 1211 1766 etism
1222 1712 1361 1784 reperitur
1373 1711 1400 1764 iu

320 1793 391 1846 Plin.
404 1797 524 1864 XXXV,
537 1815 568 1849 sa
578 1836 586 1860 ,
598 1815 643 1850 seu
654 1799 703 1862 46;
718 1797 803 1851 Cicer.
814 1794 887 1868 apud
900 1797 970 1851 Non.
982 1804 1012 1863 4,
1028 1817 1053 1850 u.
1065 1800 1130 1861 434,
1145 1811 1171 1850 et
1182 1798 1262 1851 Varr.
1276 1795 1344 1849 ibid.
1360 1799 1399 1862 15,

320 1898 348 1932 n.
365 1900 406 1934 ιι.
418 1883 503 1935 Vetus
512 1881 635 1936 scholion
645 1883 672 1934 h.
685 1883 771 1937 lest:
785 1906 796 1928 ι
805 1883 964 1952 simpuvium,
975 1900 1023 1935 vas
1035 1880 1173 1936 sacrificiis
1182 1893 1293 1953 aptum,
1306 1879 1335 1931 iu
1346 1897 1399 1951 quo

320 1963 463 2034 pontifices
481 1966 571 2018 lavare
588 1967 656 2038 (leg.
674 1987 723 2034 qun
736 1987 765 2034 p.
780 1968 877 2036 libare)
896 1966 1034 2020 solebuut:
1051 1968 1192 2034 simpuvium
1210 1976 1317 2026 autem,
1339 1963 1400 2036 quis

321 2065 415 2100 omnes
426 2048 579 2104 sacerdotes
592 2051 666 2101 simul
675 2052 804 2110 belesme
818 2046 890 2102 uude
902 2051 1070 2117 simpuviutrir
1081 2049 1127 2102 illa
1140 2047 1254 2112 dicitur,
1265 2065 1328 2119 que
1338 2066 1398 2118 por·

320 2131 386 2202 rigit
400 2133 525 2200 poculum
539 2133 628 2205 ipsum
648 2157 660 2180 ι
674 2137 830 2200 Sympuvium
844 2150 885 2196 ιι,
898 2151 941 2199 ra,
957 2135 1069 2196 ι4-ι6,
1081 2151 1123 2196 aa,
1134 2133 1176 2196 25,
1188 2135 1233 2197 ιδ,
1246 2133 1291 2193 45,
1303 2136 1346 2200 47,
1356 2131 1398 2194 tt,

323 2213 366 2278 bo,
382 2215 429 2277 54,
439 2216 554 2286 56-67,
568 2223 616 2286 74,
628 2207 675 2288 77,
687 2218 730 2280 81,
742 2218 790 2281 lla,
805 2218 950 2282 Sympinium
963 2221 1007 2284 49,
1022 2214 1066 2282 55,
1077 2213 1174 2287 quoda
1184 2213 1319 2286 superium,
1329 2231 1400 2266 eom·

321 2297 450 2364 bibendo,
459 2298 559 2352 dictum
570 2313 681 2371 putant,
691 2303 853 2368 Sympluvium
864 2317 907 2365 ar,
919 2301 962 2364 su
976 2301 1125 2367 Symptuium
1135 2302 1186 2365 463
1196 2301 1346 2367 Sympullum
1356 2315 1398 2367 70·

321 2383 357 2432 At
369 2382 438 2436 sorte
449 2383 620 2436 scribendum
632 2387 777 2452 Simpulum
791 2385 845 2447 vel,
863 2385 885 2437 si
898 2397 1002 2438 veteres
1014 2385 1139 2446 Romani,
1152 2396 1182 2436 ut
1193 2383 1275 2455 vulgo
1286 2394 1399 2455 putant,

322 2462 466 2518 secundam
486 2467 547 2538 syll.
564 2467 644 2540 hujus
659 2487 719 2521 voc.
734 2486 789 2520 non
807 2466 977 2540 produxere,
996 2464 1043 2520 sed
1059 2467 1227 2539 corripuere,
1243 2471 1397 2533 Siirspullum,

322 2548 396 2619 quod
407 2551 487 2604 etiam
499 2549 602 2604 editum
613 2551 642 2604 in
654 2552 687 2622 75
700 2565 726 2605 et
736 2555 780 2623 7⁶.
792 2547 813 2604 F
815 2565 903 2605 estus:
916 2551 1100 2623 Sympullum,
1111 2551 1215 2623 iuquit,
1225 2569 1273 2605 vas
1284 2569 1398 2622 parvum

322 2634 409 2702 (forte
427 2638 553 2702 simplum,
570 2655 617 2689 seu
634 2636 774 2707 simplex),
792 2655 849 2689 nou
867 2635 995 2690 dissimile
1014 2637 1113 2710 cyatho
1128 2637 1189 2706 (vel
1207 2635 1343 2706 ligneum,
1358 2637 1399 2689 uel

321 2717 429 2789 fictile),
444 2738 498 2790 quo
512 2720 604 2772 viuum
617 2719 646 2771 in
662 2720 802 2774 sacrificiis
813 2720 963 2785 libabatur,
976 2719 1085 2774 undeet
1098 2720 1222 2774 mulieres
1235 2721 1317 2773 rebus
1331 2720 1399 2775 ‹lisi-

322 2800 365 2852 nis
377 2799 474 2855 dedite
489 2801 682 2872 simpulatrices
696 2801 831 2876 dicuntur.
841 2830 852 2852 ι
868 2806 957 2858 Varro
971 2805 1001 2858 L.
1015 2806 1047 2859 L.
1063 2804 1111 2864 IV,
1129 2807 1181 2858 26:
1203 2829 1214 2851 ι
1226 2805 1291 2870 Quo
1307 2805 1398 2858 viuum

321 2883 437 2948 dabant,
457 2898 487 2938 ut
506 2886 659 2938 minutatim
678 2886 834 2952 funderent,
855 2907 871 2941 a
891 2889 972 2960 guttis
989 2902 1084 2958 gutum
1101 2887 1283 2959 appellarunt,
1302 2901 1330 2940 et
1347 2907 1399 2959 quo

308 2969 464 3021 'sumebant
477 2969 600 3038 (vinum)
610 2969 780 3032 minutatim,
791 2989 807 3023 s
820 2971 951 3026 sumendo
964 2975 1093 3038 simpulum
1104 2971 1288 3026 nominavere.
1302 2975 1337 3026 lu
1349 2973 1399 3026 bu·

319 3053 396 3123 jusce
409 3053 497 3105 locum
511 3053 538 3105 in
551 3053 685 3106 conviviis
697 3073 712 3106 e
724 3053 828 3108 Gracia
842 3056 971 3110 successit
985 3056 1119 3128 epicbysis
1132 3069 1158 3108 et
1172 3057 1301 3127 cyathus,
1317 3057 1346 3109 in
1359 3075 1399 3110 sa·

321 3135 430 3188 orificiis
442 3137 571 3189 remansit
585 3149 691 3208 guttum
703 3150 731 3192 et
746 3139 901 3209 simpulum.
911 3165 922 3184 ι
936 3139 969 3190 Ιιι
984 3139 1107 3209 Fulgeut.
1122 3136 1157 3192 de
1170 3138 1260 3209 prisco
1273 3139 1360 3192 Serm.
1373 3153 1398 3194 et

322 3219 351 3272 in
370 3216 480 3292 isidorii
498 3218 603 3273 Glossis
617 3224 722 3288 simpulo
736 3221 848 3274 conviva
863 3219 978 3285 dicitur,
997 3233 1023 3273 et
1037 3224 1181 3290 simpulum
1192 3223 1294 3275 amicus
1308 3225 1399 3295 sponsi

323 3303 447 3358 assiduus
461 3323 522 3358 com
537 3324 570 3358 eo
585 3305 611 3358 in
631 3307 768 3360 convivio.
787 3307 819 3358 ln
838 3306 975 3378 Inscriptt.
993 3307 1203 3374 simpuluriurius,
1223 3305 1271 3376 qui
1287 3307 1399 3379 simpuls

323 3388 397 3441 lacit.
417 3387 546 3458 Figuram
564 3388 672 3459 simpuli
688 3389 794 3443 exbibet
811 3389 929 3442 Causeus
947 3389 1017 3441 Mus.
1039 3390 1116 3442 Rom.
1135 3401 1200 3440 tom.
1220 3389 1263 3452 11,
1284 3408 1349 3462 pag.
1367 3389 1399 3454 3,

323 3469 378 3522 tab.
393 3489 416 3522 s.
431 3468 510 3521 Conl.
523 3467 653 3522 Harduiu.
669 3468 704 3523 sd
715 3470 786 3524 Pliu.
801 3471 915 3537 XXXV,
930 3489 1032 3536 12,seu
1044 3474 1087 3535 46,
1098 3482 1125 3523 et
1135 3470 1242 3524 Ernesti
1253 3471 1331 3525 Clau
1343 3471 1397 3526 cic.

324 3583 358 3593 --
368 3557 465 3614 Numae,
477 3553 524 3625 qui
538 3572 613 3608 sacru
625 3573 686 3608 cum
696 3555 874 3622 caeremoniis,
887 3568 1028 3626 totumque
1037 3553 1148 3608 deorum
1158 3557 1261 3609 cultum
1273 3557 1397 3610 instituit.

326 3666 361 3676 --
374 3639 486 3703 Comum,
499 3655 546 3689 seu
558 3640 666 3688 sueinum
676 3640 784 3710 nigmm,
796 3657 842 3692 ras
852 3639 932 3692 fictile
941 3657 956 3692 e
965 3639 1042 3710 nigra
1053 3650 1131 3692 terra.
1141 3669 1175 3680 ·-
1186 3643 1308 3701 Pueriles,
1320 3641 1398 3704 beoe;

323 3737 379 3772 uon
384 3723 488 3787 patinas
494 3721 631 3791 5frugilss,
642 3739 697 3773 non
707 3739 810 3786 aureus,
821 3719 868 3775 sed
877 3723 973 3778 fictiles
982 3761 989 3789 ,
999 3723 1090 3796 quales
1101 3723 1128 3776 iu
1139 3739 1221 3775 mom
1230 3727 1366 3791 Vaticano,
1375 3737 1399 3778 et

325 3822 357 3856 ex
373 3806 430 3876 ejus
442 3816 513 3858 terra
527 3805 651 3876 argillosa
665 3806 842 3878 fingebantur.

360 3976 427 4021 Vsa.
448 3977 507 4032 344.
522 3978 587 4035 Aue,
604 3979 645 4034 ιδ,
660 3978 702 4027 85.

361 4070 428 4116 Vsa.
448 4072 507 4127 345,
522 4072 652 4132 Claudius,
671 4091 718 4136 ro,
732 4085 845 4136 ι4-ι7,
859 4087 974 4150 197-24,
986 4090 1029 4137 ²7,
1041 4077 1161 4133 45-48,
1173 4077 1214 4124 85.
1228 4077 1308 4124 Vetus
1320 4077 1397 4125 Sehol.

325 4150 377 4199 brec
387 4155 480 4202 notavit
490 4171 496 4200 ι
508 4178 521 4196 u
531 4156 629 4205 Clodius
639 4175 686 4223 pro
700 4159 816 4208 Claudius
826 4175 836 4208 :
849 4159 905 4208 lioet
916 4175 972 4208 uam
983 4175 1028 4224 per
1038 4159 1252 4220 communionem,
1262 4171 1291 4209 ut
1302 4159 1399 4210 &odiis
