3108 4986
334 375 398 442 288
611 379 652 441 D.
679 379 817 446 JUNIl
842 383 1124 454 JUVENALIS

330 494 390 564 Vis
407 510 444 564 tu
461 495 648 580 consuetis,
666 495 773 566 audax
792 502 950 586 conviva,
967 502 1122 572 canistris

233 593 236 598 ¹
329 603 483 699 Impleri,
500 605 663 699 panisque
681 607 730 675 tui
744 610 877 679 novisse
895 609 1066 680 colorem?
1370 639 1403 704 75

326 713 465 784 Scilicet
481 715 546 783 hcc
563 713 691 802 fuerat,
708 734 851 813 propter
866 719 975 813 quod,
992 745 1079 816 saepe
1097 721 1215 792 relicta

325 824 499 920 Conjuge,
516 849 578 918 per
593 840 744 896 montem
761 829 939 898 adversum
956 830 1149 926 gelidasque
1166 834 1303 902 cucurri

323 934 507 1029 Esquilias,
524 935 683 1005 fremeret
697 963 785 1008 sarva
800 963 905 1034 quum
922 941 1086 1035 grandine
1105 967 1231 1012 vernus

322 1045 473 1140 Jupiter,
491 1059 525 1113 et
539 1045 646 1114 multo
662 1046 804 1116 stillaret
817 1047 949 1143 pmnula
965 1047 1096 1120 nimbo!
1180 1069 1183 1081 ⁴

371 1154 535 1248 Adspice,
546 1179 647 1249 quam
664 1154 767 1252 longo
778 1157 947 1228 distendat
963 1177 1102 1254 pectore
1119 1160 1270 1252 lancem,
1365 1183 1400 1236 eo

321 1265 406 1352 Quae
423 1263 531 1332 fertur
546 1264 704 1351 domino,
718 1265 856 1360 squilla3
873 1284 908 1337 et
924 1269 1046 1363 quibus
1062 1269 1214 1366 undique
1230 1289 1330 1368 septa

321 1375 519 1469 Asparagis,
536 1400 600 1469 qua
618 1375 784 1471 despiciat
799 1378 956 1446 convivia
971 1381 1094 1466 cauda,

320 1487 435 1574 Quum
452 1485 546 1553 venit
562 1485 683 1554 excelsi
700 1486 853 1554 menibus
870 1487 1000 1557 sublata
1015 1490 1172 1560 ministri.

319 1594 386 1662 Sed
403 1594 465 1663 tibi
481 1593 621 1663 dimidio
638 1594 841 1663 constrictus
857 1619 1045 1666 cammarus
1063 1622 1129 1666 ovo
1370 1673 1377 1680 ,

319 1705 474 1788 Ponitur,
491 1703 611 1797 exigna
628 1701 739 1771 feralis
757 1727 852 1772 coena
868 1704 999 1796 patella.
1362 1731 1396 1784 ος

317 1818 395 1911 Ipse
410 1813 605 1883 Venafrano
622 1813 746 1907 piscem
764 1812 956 1906 perfundit3
974 1830 1008 1884 at
1025 1816 1100 1901 hic,
1120 1819 1177 1912 qui

318 1923 464 1992 Pallidus
480 1921 623 1991 affertur
638 1921 765 1990 misero
781 1922 842 1990 tibi
858 1923 980 2008 caulis,
999 1925 1107 1994 olebit

316 2035 522 2102 Laternam:
540 2030 622 2100 illud
638 2031 732 2099 enim
749 2033 868 2100 vestris
888 2033 988 2102 datur
1003 2035 1161 2125 alveolis,
1177 2039 1271 2132 quod

316 2148 433 2215 Canna
449 2143 672 2238 Micipsarum
689 2167 791 2238 prora
808 2145 962 2214 subvexit
975 2161 1093 2234 acuta3

316 2259 461 2352 Propter
479 2255 570 2350 quod
586 2257 702 2324 Romae
716 2279 794 2324 curn
810 2255 982 2324 Bucchare
999 2279 1100 2326 uerno
1117 2256 1266 2347 lavatur3
1359 2297 1394 2348 90

315 2471 427 2530 tribuit.
448 2472 504 2526 Fac
514 2479 611 2526 tamen
625 2481 653 2526 te
666 2469 837 2526 eumenium
850 2489 926 2541 esse3
943 2472 1039 2528 statim
1053 2472 1133 2529 adest
1148 2473 1199 2547 qui
1212 2485 1243 2532 te
1255 2477 1390 2534 omittere

314 2566 391 2620 hunc
402 2581 505 2638 panem
514 2561 625 2634 jubeat,
638 2562 740 2636 hisque
749 2561 870 2618 vocibus
879 2562 1034 2638 increpitet
1046 2585 1054 2619 ε
1069 2585 1081 2614 s
1093 2566 1144 2620 Nae
1155 2575 1188 2622 tu
1198 2566 1289 2622 bomo
1302 2569 1390 2624 auda·

315 2657 437 2726 riores,
452 2654 504 2728 qni
519 2653 602 2709 exiis
617 2654 745 2710 canistris
764 2673 868 2728 panem
885 2654 938 2710 tibi
951 2673 1064 2712 sumere
1075 2655 1169 2726 nolis,
1185 2657 1321 2731 equibus
1337 2661 1389 2716 tibi

313 2747 423 2823 apponi
431 2745 594 2816 consuevit,
606 2746 671 2820 qui,
681 2745 761 2818 cujus
770 2748 876 2803 coloris
886 2748 924 2804 sit
935 2747 1017 2821 panis
1026 2766 1085 2822 quo
1094 2747 1233 2815 vesceris,
1241 2752 1389 2808 nesciui·

313 2843 382 2898 Haec
393 2839 511 2896 audiens
520 2837 629 2894 scilicet
636 2838 813 2914 ingemiscis,
822 2851 909 2916 atque
920 2841 959 2896 ita
971 2851 1065 2898 tecum
1076 2861 1083 2896 s
1096 2865 1109 2890 .
1121 2843 1263 2911 Hoccine,
1277 2844 1389 2918 inquis,

314 2929 551 2989 meruiihoccine
559 2929 818 3005 sperabam,quum
825 2932 939 2989 surrexi
947 2934 1040 2990 multo
1047 2950 1140 3002 maus,
1149 2935 1249 2990 relicta
1255 2936 1388 3012 conjuge,

313 3037 344 3083 et
360 3036 489 3080 montem
510 3021 694 3096 oppositum,
715 3023 891 3100 frigidasque
909 3025 1050 3100 Esquilias
1063 3043 1199 3099 superare
1212 3029 1387 3102 properavi,

314 3135 404 3191 quum
418 3115 514 3191 gelido
525 3131 593 3169 vere
607 3115 719 3189 grando
727 3117 852 3190 plurima
866 3118 1028 3187 decideret,
1040 3129 1192 3192 vestesque
1203 3129 1272 3176 tote·
1284 3139 1388 3196 repur-

313 3210 376 3266 tino
392 3209 484 3288 imbre
497 3203 662 3263 diffluerent
672 3208 706 3262 ia

353 3301 401 3358 80.
416 3303 573 3375 Agevero,
585 3299 676 3356 cernis
684 3310 718 3354 ut
726 3298 851 3374 patinam
864 3301 1009 3376 ingentem
1020 3300 1132 3377 ingenti
1141 3313 1259 3377 pectene
1269 3306 1387 3380 impleat

311 3396 429 3472 squilla,
444 3413 523 3468 qaia,
534 3403 659 3468 patrono
671 3403 722 3448 tuo
733 3395 917 3468 apponenda,
928 3397 1021 3452 fertur
1030 3396 1160 3454 sublimis
1172 3397 1250 3454 inter
1259 3401 1386 3458 mia'ntri

311 3489 434 3548 manns?
449 3499 498 3556 ut,
515 3487 545 3544 in
560 3486 663 3542 orbem
677 3485 834 3544 lectissimis
846 3487 990 3563 asparagis
1001 3487 1131 3563 undique
1144 3502 1299 3560 coronata,
1315 3494 1385 3549 snb-

309 3586 397 3659 jectas
410 3582 495 3655 dapes
509 3591 537 3636 et
550 3578 685 3635 convivas
696 3595 796 3655 magna
813 3580 904 3635 cauda
920 3579 1037 3637 videtur
1052 3581 1220 3656 despicere?
1234 3585 1302 3640 Tibi
1314 3605 1384 3643 vero

311 3688 484 3741 cammarus,
502 3670 625 3726 dimidio
642 3689 727 3745 parce
744 3689 777 3727 ac
795 3672 918 3748 maligne
937 3673 1098 3748 implicatus
1114 3693 1193 3744 osc,
1213 3675 1244 3734 ia
1264 3691 1384 3754 augusta

310 3770 391 3824 lance
409 3763 565 3830 efferatum
580 3761 743 3835 cujusmodi
757 3761 893 3820 funebres
907 3765 984 3822 inter
1000 3767 1089 3840 dapes
1103 3767 1212 3842 apponi
1229 3768 1313 3825 solet.
1330 3773 1383 3826 Pa·

309 3871 412 3916 tronus
424 3859 519 3914 oleum
530 3855 723 3911 venafranum
734 3855 771 3910 sd
782 3855 887 3928 piscem
900 3857 1093 3916 condiendum
1104 3858 1270 3930 adhibebit3
1280 3879 1382 3917 rernm

310 3953 379 4020 ista,
394 3969 457 4024 quae
476 3948 529 4004 tibi
545 3949 651 4004 misero
670 3947 770 4016 datar,
788 3947 911 4003 brassica
925 3950 991 4004 oleo
1004 3949 1099 4022 putri,
1116 3951 1202 4024 quale
1218 3951 1381 4010 inscinditur

309 4043 442 4109 laternis,
454 4041 510 4096 erit
519 4040 635 4096 condita
645 4061 653 4096 ε
663 4039 774 4114 patellis
785 4040 861 4096 enim
871 4039 973 4098 vestris
981 4039 1054 4096 illud
1063 4041 1159 4098 oleum
1169 4041 1284 4100 Mundi
1292 4045 1379 4112 solet,

310 4135 390 4209 qnod
410 4153 446 4189 ex
470 4133 619 4202 Numidia,
642 4133 770 4207 Micipsa
793 4151 901 4209 regno,
921 4132 1077 4224 deportant
1097 4133 1193 4206 proris
1210 4135 1378 4192 acuminatis
