3108 4986
319 433 384 510 244
478 425 649 494 VARIAE
670 427 963 494 LECTIONES
986 428 1049 492 ΕΤ
1071 428 1224 498 NOTAE

317 555 355 596 eat
367 555 499 611 comptor,
512 554 654 614 stuprator,
667 540 710 596 vel
718 543 764 615 qui
775 541 840 595 alior
849 540 882 594 ad
891 539 1035 612 nequitiam
1046 542 1158 613 perlicit.
1168 574 1204 585 -
1215 549 1330 609 lacernas,
1343 548 1391 620 qni

316 639 436 698 atuprnm
445 625 572 677 nefarium
581 667 588 690 ,
598 625 698 697 legibue
706 624 877 696 moribusque
885 625 1059 685 carnarium,
1072 637 1098 678 et
1108 645 1122 678 a
1133 625 1184 680 diia
1193 629 1264 683 iratia
1274 631 1390 703 punien-

316 707 396 776 dum,
417 706 495 759 insert
507 708 636 778 cognatis,
651 706 801 760 Vestalibus
814 718 839 760 et
853 706 981 778 ingenuis.
998 737 1034 748 -
1053 712 1147 760 Virtam
1161 715 1291 778 sacerdos,
1313 714 1391 786 virgo

315 790 446 856 Veatalia,
460 791 534 861 cujua
547 801 626 861 caput
638 790 707 843 vittis
720 791 882 844 redimitum.
894 801 902 826 ¹
917 819 953 830 -
967 792 1060 857 Nuper,
1076 790 1131 844 vid.
1144 791 1178 844 ad
1192 812 1229 848 va.
1244 813 1284 848 ta.

350 889 418 942 Nor,
434 907 477 942 ιο.
492 888 575 960 Virgo
583 888 706 954 Veatalis,
719 889 810 942 incesti
820 888 952 954 convicta,
963 905 996 940 en
1004 887 1123 942 instituto
1132 887 1237 956 Numa,
1246 892 1290 945 vel
1300 892 1390 963 potina

315 973 453 1046 Tarquinii
464 972 563 1036 Princi,
579 973 737 1026 Pontificum
752 972 852 1046 judicio
870 972 1009 1038 damnata,
1027 971 1055 1023 in
1071 989 1166 1044 campo
1182 975 1308 1028 scelerato
1325 975 1386 1028 riva

315 1055 530 1110 defodiehnur.³

351 1202 416 1248 Van.
437 1216 476 1248 11.
490 1200 564 1257 Tunc,
577 1198 626 1259 63,
636 1202 679 1262 67,
690 1200 736 1256 68,
749 1206 862 1260 ἰι-74.
877 1226 913 1237 -
927 1200 1062 1258 Attamen,
1079 1215 1120 1248 aa.

348 1292 417 1344 Nor.
440 1309 481 1345 ιι.
496 1294 544 1342 Sed
553 1309 616 1341 nune
628 1289 683 1344 acil.
695 1290 847 1362 loquimur,
860 1308 907 1343 eeu
919 1291 1056 1362 querimur
1065 1291 1178 1360 defaca's
1189 1295 1320 1344 maribus
1328 1293 1388 1347 Cri-

314 1373 396 1446 spini,
411 1377 486 1445 cujus
498 1372 547 1425 alia
560 1383 621 1426 tunt
633 1373 729 1426 scelera
743 1373 826 1426 multo
839 1374 958 1444 graviora
972 1392 1003 1428 ac
1016 1374 1143 1445 turpiora.

349 1519 418 1566 Ἧι.
440 1533 479 1565 ra.
495 1515 606 1573 Vindice,
621 1519 664 1564 ast.

348 1608 417 1659 Nor,
440 1625 479 1660 ta.
494 1611 609 1668 Cadent,
624 1608 696 1662 litem
707 1609 843 1681 perderet,
858 1610 1035 1663 damnaretur.
1050 1609 1092 1662 sie
1098 1611 1191 1678 fibula
1200 1623 1226 1664 et
1233 1630 1330 1672 messa,
1342 1614 1386 1664 vel

313 1689 394 1742 homo
408 1691 535 1758 injudicio
547 1695 650 1752 cadere,
666 1704 691 1743 et
704 1705 793 1744 contra
807 1707 872 1743 stare
884 1692 1015 1745 dicuntur.
1036 1696 1083 1743 Sub
1090 1696 1174 1760 judice
1186 1697 1285 1759 eadem,
1297 1707 1326 1746 ut
1339 1699 1386 1746 snb

307 1774 393 1842 jndice
403 1775 498 1836 dicere,
512 1773 580 1837 VII,
595 1773 642 1838 133
660 1777 762 1842 subque
775 1777 877 1826 crimine
888 1776 985 1833 cecidit,
1001 1773 1044 1840 X,
1058 1779 1109 1842 693
1126 1778 1193 1827 nullo
1209 1780 1252 1826 sub
1267 1791 1326 1828 teste
1340 1779 1387 1828 ltoe

313 1860 430 1919 canebat,
445 1855 506 1921 XV,
521 1858 560 1907 26.
578 1888 613 1897 -
632 1860 679 1907 Sub
689 1859 774 1925 judice
788 1877 893 1916 monem,
911 1876 1029 1922 censore,
1043 1857 1101 1923 vel,
1115 1877 1169 1930 quo
1180 1858 1257 1911 titulo
1269 1858 1387 1914 cesare·

313 1941 463 2004 utebantur,
477 1927 601 2011 pretecto
614 1957 727 1991 morum.
742 1939 820 1992 Poeta
831 1939 945 2009 respexit
956 1935 989 1988 ad
1002 1939 1122 1992 acerbam
1134 1939 1276 1992 Domitiani
1289 1959 1385 1994 cenau-

313 2041 369 2075 ram
381 2035 407 2076 et
417 2021 610 2074 damnationem
621 2020 764 2085 Corneliae,
778 2020 812 2073 de
824 2037 875 2090 qua
891 2018 945 2070 vid.
962 2017 1032 2072 Suet.
1045 2021 1121 2072 Dom.
1134 2021 1149 2073 8
1160 2062 1167 2086 ,
1178 2035 1204 2074 et
1216 2020 1284 2074 Plin.
1298 2023 1383 2095 Epist.

313 2105 362 2166 IV,
377 2122 417 2157 ιι.
433 2103 516 2156 Simul
530 2101 619 2174 iniqua
631 2105 686 2173 ejus
698 2103 825 2154 correctio
842 2119 946 2153 morum
961 2113 1077 2166 taxatur,
1090 2103 1134 2155 cui
1146 2104 1188 2156 vel
1200 2105 1342 2176 pulchrum
1356 2108 1385 2160 in

314 2187 451 2258 Crispino,
469 2183 576 2237 homine
590 2185 641 2256 ipsi
654 2185 817 2255 gratissimo,
839 2185 924 2236 visum
945 2183 993 2248 tit,
1013 2183 1085 2254 quod
1105 2185 1132 2236 in
1154 2185 1211 2240 aliie
1230 2188 1386 2258 gravissimo

313 2268 422 2339 dignum
430 2265 569 2338 supplicio.
577 2264 703 2318 Preterea
711 2265 875 2318 Domitianus
886 2266 942 2336 ipae
952 2265 1037 2318 fratria
1046 2265 1126 2318 filiam
1136 2267 1233 2320 incesto
1244 2270 1385 2340 polluerat,

313 2349 411 2423 dequo
420 2349 482 2403 vide
492 2348 526 2401 ad
541 2349 585 2413 II,
602 2365 633 2416 29
644 2347 766 2420 eeq.‘Qni
779 2367 842 2401 vero
851 2348 983 2400 Vestalem
994 2347 1146 2412 vitiaverat,
1161 2349 1240 2422 virgis
1258 2352 1285 2403 in
1303 2355 1386 2407 comi-

313 2432 351 2488 tio
360 2434 393 2487 ad
403 2451 493 2486 necem
503 2432 669 2497 cedebatun
680 2430 740 2485 vide
749 2430 855 2484 Sueten.
866 2432 962 2484 Domit.
974 2431 989 2483 8
999 2451 1007 2498 ;
1024 2431 1083 2484 Liv.
1094 2431 1189 2498 XXII,
1202 2434 1234 2504 57
1244 2456 1252 2500 ;
1267 2435 1339 2508 Lips.
1350 2438 1386 2490 de

313 2517 413 2570 Veatal.
427 2533 485 2588 cap.
499 2520 538 2567 13.

350 2664 416 2711 Vn.
438 2660 957 2726 13.antiquae,9,1o‚1t-=7,19-n‚
973 2663 1018 2721 45,
1034 2670 1081 2724 49,
1096 2663 1142 2722 54,
1155 2664 1201 2724 56,
1211 2665 1253 2724 57,
1262 2664 1384 2726 59—63‚

314 2745 362 2804 65,
374 2745 492 2808 67-69,
503 2746 618 2804 71—-73,
633 2754 656 2790 et
669 2745 784 2792 xxxin
798 2743 876 2792 codd.
887 2744 962 2791 Paria.
971 2743 1039 2806 qnod
1052 2757 1104 2791 non
1117 2754 1208 2793 tentem
1221 2745 1383 2805 rejiciendum

315 2826 444 2876 videbatur
455 2825 558 2874 Pithoeo.
570 2823 617 2872 Sed
628 2839 688 2889 gena
698 2819 755 2872 &td
765 2827 891 2874 notisairna
901 2835 952 2886 eat,
964 2813 1017 2874 noti
1031 2825 1108 2874 Seria,
1123 2829 1235 2892 itemque,
1247 2844 1289 2876 aa.
1305 2828 1382 2876 Selio·

315 2926 369 2974 que,
384 2911 426 2959 55.

350 2999 420 3052 Nor.
444 2998 490 3065 13,
502 3003 542 3060 14.
557 2997 669 3049 Notatur
676 2997 784 3049 atultitia
794 2996 932 3050 hominum
943 2997 1006 3069 ,qni
1015 2998 1095 3071 vulgo
1105 3018 1119 3052 e
1128 3017 1207 3052 centu
1216 3019 1247 3054 ac
1256 2999 1384 3071 dignitate

314 3101 401 3135 moret
411 3083 565 3148 metiuntur,
579 3093 605 3134 et
618 3080 726 3133 honesta
741 3081 783 3134 vel
799 3080 938 3134 laudabilia
955 3099 1010 3134 ease
1024 3094 1117 3154 putant
1132 3084 1159 3135 in
1175 3083 1312 3150 divitibus,
1322 3103 1383 3157 quae

315 3167 402 3239 turpia
413 3167 476 3239 ipsit
487 3165 608 3219 videntur
618 3183 666 3238 per
675 3184 714 3228 ae,
723 3177 747 3218 et
759 3164 786 3216 in
798 3167 966 3240 pauperibus.
976 3165 1053 3220 Cani.
1064 3167 1145 3232 VIII,
1159 3169 1204 3220 182
1214 3191 1222 3235 ;
1234 3169 1289 3233 XI,
1301 3189 1311 3221 r
1324 3189 1380 3242 aeq.

315 3263 341 3304 et
355 3259 403 3320 174
416 3269 471 3323 req.
494 3254 555 3300 Titio
569 3253 682 3318 ὃιὲοᾳιιε,Ι
697 3251 803 3301 nomina
818 3269 849 3302 ex
862 3249 966 3303 officina
981 3249 1232 3304 Iurisconsultorum
1244 3253 1341 3323 petita,
1355 3266 1384 3305 ut

316 3332 406 3388 videre
414 3345 453 3386 eat
461 3335 512 3385 inl.
523 3333 597 3383 Titius
605 3347 628 3383 et
637 3335 705 3384 Series
711 3338 744 3385 D.
756 3336 787 3384 de
793 3335 925 3396 bertridus,
934 3345 961 3386 et
968 3333 1064 3406 partim
1072 3333 1100 3385 in
1107 3335 1123 3386 J
1125 3353 1172 3386 ure
1179 3335 1257 3387 Civili
1265 3356 1274 3401 ;
1283 3335 1382 3408 Grang.

350 3478 419 3526 Vn.
440 3483 479 3532 ι4.
494 3474 584 3535 Patior,
598 3476 640 3534 45.

350 3565 420 3618 Nor.
443 3571 483 3628 14.
498 3565 560 3618 IInc
571 3566 666 3629 verba,
678 3565 705 3618 ni
719 3566 809 3634 fallor,
823 3567 938 3641 pendent
949 3587 963 3619 a
975 3587 1013 3621 va.
1027 3587 1069 3634 tt,
1083 3571 1155 3620 Nunc
1164 3571 1277 3638 desuetis
1286 3572 1383 3620 leviori·

316 3653 360 3700 bus
371 3668 409 3703 ac.
422 3648 540 3720 agimus:
554 3651 617 3717 qaid
625 3666 688 3701 vero
701 3668 777 3726 agap
792 3649 885 3713 faciat,
896 3650 938 3703 vel
948 3650 1034 3714 dicae,
1047 3663 1096 3703 etc.

355 3998 824 4061 ¹CanIOvIdFaat.111,303V1‚457
908 4000 1010 4050 ’Cani
1030 4001 1167 4066 Dinnytina
1186 4004 1227 4060 11,
1244 4003 1292 4060 65,
1306 4003 1384 4060 vul,

317 4093 367 4140 neq.
382 4078 432 4125 vot.
443 4079 492 4136 vl,
506 4091 595 4128 noant
609 4079 747 4128 Editioniat
762 4081 827 4142 Lipa.
872 4079 1383 4144 90391122.turtum.p.n.67,etQunt.

319 4155 350 4204 de
361 4157 434 4204 Venta
446 4165 470 4204 et
479 4157 569 4206 Vertal.
583 4173 636 4221 cap.
648 4174 687 4206 aa.
706 4159 751 4206 En.
873 4159 946 4206 Rom.
960 4159 1007 4222 9⁵5
1019 4158 1084 4221 Ilpa.
1098 4157 1130 4206 de
1141 4159 1228 4218 Vecta,
1239 4173 1293 4226 cap.
1305 4159 1346 4206 at.
