3058 4988
419 431 474 497 IN
497 429 731 496 sa'rlltast
753 429 975 499 SEXTAM.
1172 432 1238 502 503

150 555 231 598 taam
243 543 325 600 Isidis
335 579 344 612 ,
356 562 432 618 nque
442 564 474 600 ao
484 545 603 612 Anubin,
616 544 765 611 custodiat,
784 544 827 600 vel
839 545 1000 600 nunciassit
1012 545 1084 602 inter
1096 547 1196 604 Isidem
1209 563 1237 604 et

151 629 300 697 aaalierea,
320 640 350 683 ut
365 629 471 683 Anubis
488 631 559 684 inter
571 630 688 702 Superos
704 642 733 684 et
750 629 866 683 Inferna.
883 628 1035 684 Henninina
1050 632 1079 686 b.
1094 634 1113 686 1.
1130 633 1238 705 conspi-

151 711 283 766 ciendam
298 712 374 767 dedit
389 713 534 786 imaginem
550 713 696 780 Anubidis,
716 713 805 786 qualia
818 713 976 769 serrabatur
992 717 1020 769 in
1037 717 1148 771 cimeliis
1162 716 1239 771 Diras

151 795 318 854 Geuoierae:
331 812 371 854 est
382 798 469 871 figura
479 799 615 864 humana,
626 812 741 871 excepto
752 797 855 873 capite,
869 799 943 870 quod
954 801 1080 854 caninum
1093 815 1148 866 est,
1165 801 1238 873 ipso-

150 883 299 954 qneriotua
309 883 392 939 ductu
403 883 539 955 exprimit,
546 896 573 937 et
580 884 682 938 excutit
690 903 811 941 sannam.
822 899 868 930 ¹-
879 891 958 940 Cum'e
964 906 1013 960 per
1025 887 1119 940 urbem
1128 887 1237 947 derisor,-

151 964 283 1022 deridens
301 969 360 1039 ipse
378 967 518 1022 stultitiam
534 979 561 1020 et
577 966 763 1023 credulitatem
774 975 862 1041 populi
871 973 1024 1044 plangentes,
1042 988 1105 1024 cum
1118 970 1193 1024 luctu
1208 982 1237 1023 et

150 1051 267 1120 planctu
281 1053 424 1125 quaerentis
434 1051 532 1124 Apim3
545 1051 580 1105 de
593 1071 647 1124 quo
659 1052 722 1106 vide
733 1053 767 1107 ad
782 1055 866 1123 VIII,
881 1074 923 1125 ²9·
944 1054 1027 1109 Poeta
1040 1054 1110 1108 fo'rte
1118 1052 1238 1126 respexit

150 1133 200 1187 itta
213 1153 304 1189 aannre
315 1155 431 1208 genera,
443 1154 502 1208 quae
511 1136 679 1207 exprimunt,
694 1137 741 1210 qui
753 1140 911 1211 ringuntur,
926 1141 971 1193 rel
983 1141 1040 1193 risu
1053 1137 1186 1192 diducunt
1197 1137 1237 1190 ri·

150 1229 243 1286 anm,
255 1221 356 1293 quique
371 1222 492 1293 lingnam
503 1232 644 1274 excertant.
661 1222 814 1295 Utrumque
827 1237 854 1280 et
868 1225 980 1279 canibus
992 1224 1135 1297 proprium
1143 1235 1198 1286 eat,
1209 1231 1238 1276 et

149 1300 207 1356 hoc
217 1301 326 1377 quidem
337 1307 457 1356 canendo
473 1305 548 1358 fessis
562 1323 594 1358 ao
605 1303 768 1360 sitientibus.
785 1307 867 1362 Cani.
882 1308 957 1364 Pers.
970 1309 1003 1375 1,
1021 1311 1071 1374 60,
1082 1307 1173 1380 ibique
1184 1307 1236 1360 Ca·

150 1385 232 1438 aaub.
251 1381 320 1441 Inde
330 1387 446 1442 elucebit
461 1404 503 1441 ars
517 1399 544 1442 et
556 1389 696 1460 ingenium
709 1390 865 1461 Juvenaiis,
884 1391 1105 1464 superstitionem
1122 1391 1236 1445 subsan-

150 1469 255 1524 nantis.
270 1472 318 1523 Alii
328 1473 447 1543 jungunt
457 1472 537 1526 verba
547 1491 624 1545 grege
633 1478 704 1526 calvo
713 1479 958 1546 plangentispopnla'.
971 1507 1006 1518 -
1019 1475 1063 1530 sie
1075 1473 1148 1548 apud
1158 1475 1236 1546 Virg.

127 1577 133 1582 ·
150 1552 261 1607 AEneid.
272 1555 355 1622 VIII,
368 1559 438 1624 692,
449 1559 557 1608 latrator
567 1562 671 1612 Anubis.
686 1559 740 1612 En.

190 1647 260 1702 Non.
280 1650 431 1718 535-541.
449 1653 562 1708 Sensum
573 1667 600 1707 et
611 1656 679 1708 sales
693 1655 722 1707 b.
737 1655 756 1708 1.
770 1666 854 1723 recte,
865 1653 975 1726 opinor,
987 1653 1060 1725 cepit
1072 1651 1175 1707 Britan.
1188 1668 1236 1705 ou·

146 1733 198 1806 jus
209 1734 266 1788 baec
277 1748 341 1788 nota
351 1751 407 1792 eat:
419 1742 486 1791 «Ille
497 1737 633 1800 sacerdos,
645 1739 693 1810 qui
704 1756 733 1793 se
744 1758 806 1793 cum
818 1737 891 1794 Iside
906 1737 1070 1811 colloquium
1082 1737 1183 1790 habere
1200 1735 1237 1789 si·

149 1816 251 1880 mulat,
253 1822 317 1887 petit
322 1823 424 1872 ‘veniam
431 1822 536 1875 mulieri
545 1821 656 1876 huicrel
663 1823 742 1876 uxori
751 1822 898 1878 admodum
906 1821 1098 1896 superstitiosae
1106 1821 1140 1875 ab
1151 1819 1236 1887 Iside,

148 1904 252 1968 quoties
263 1903 310 1957 illa
325 1905 422 1959 mulier
437 1925 493 1958 non
507 1907 623 1960 abstinet
635 1911 763 1961 concubitu
775 1927 838 1962 cum
850 1907 949 1981 marito
960 1925 1026 1973 sno,
1038 1906 1082 1960 vel
1094 1902 1162 1960 adeo
1172 1924 1235 1960 cum

149 1980 294 2038 adulteriir
303 1987 374 2054 suia;
387 1986 460 2041 unde
471 1989 562 2042 forsan
571 1991 668 2044 violam
678 1994 794 2052 cadmeo,
808 1991 888 2057 lecto,
899 1990 926 2044 id
937 2001 993 2051 est,
1005 2007 1061 2043 nnn
1072 1999 1180 2043 servata
1189 2007 1234 2042 ca·

148 2066 245 2122 atitate
254 2068 531 2126 leetimatrimcuialis
541 2090 591 2146 per
601 2091 648 2126 eoa
657 2071 715 2127 dies
726 2093 757 2128 ac
767 2089 873 2139 noctes,
882 2074 982 2146 quibus
993 2089 1070 2128 sacra
1081 2071 1163 2125 laidis
1172 2089 1237 2144 per·

148 2153 304 2225 agebantur
313 2174 320 2209 :
330 2174 394 2210 nam
400 2168 467 2210 tunc
475 2157 551 2210 nesae
560 2170 618 2211 erat
624 2160 753 2231 conjungi
764 2159 871 2210 marito.
881 2187 914 2196 -
922 2161 956 2207 Er
963 2159 1064 2208 movisse
1072 2169 1161 2224 eaput,
1172 2167 1234 2219 etc„

148 2235 286 2303 ironicam
301 2250 328 2291 et
341 2239 465 2311 profecto
480 2239 539 2312 ipse
557 2239 645 2294 Osiris
659 2241 786 2312 precibus
803 2237 951 2294 sacerdotia
968 2238 1080 2305 adnuit;
1098 2257 1161 2292 nam
1173 2242 1235 2292 visa

146 2334 431 2398 estserpeasgrrgentea
444 2327 546 2376 movim
558 2338 645 2390 caput,
662 2322 692 2376 id
709 2336 765 2392 est,
779 2323 937 2379 adsensitse.
952 2353 987 2366 -
1002 2325 1073 2376 luins
1086 2321 1234 2378 sacerdotia

149 2407 270 2465 Ιαιηηιω
284 2426 318 2461 m.
335 2427 368 2460 m.
376 2420 517 2475 praestant,
532 2423 559 2458 nr
570 2410 655 2472 Osiris,
670 2407 728 2462 scil.
744 2421 869 2476 corruptus
884 2406 1056 2471 muneribus,
1072 2423 1121 2456 non
1139 2411 1235 2458 abnuas

146 2491 257 2541 veniam
273 2493 365 2558 eulpa,
380 2491 487 2545 crimini
499 2491 632 2558 mulieris,
644 2510 776 2565 quaecum
787 2491 848 2545 viro
858 2491 1033 2546 concubuit.²
1043 2515 1054 2537 ι
1067 2490 1130 2543 Jam
1140 2488 1233 2544 ridea-

148 2590 214 2626 mus
226 2573 262 2626 de
275 2575 366 2630 verbis
377 2575 500 2648 singulis.

186 2668 256 2724 Nor.
277 2667 426 2742 535ήό37.
447 2671 480 2724 In
494 2671 577 2726 sacris
589 2671 691 2738 Isiacis,
704 2683 734 2724 ut
743 2670 845 2725 Bacchi
855 2681 882 2724 et
892 2668 1007 2737 Cereris,
1018 2668 1123 2722 femina
1132 2687 1163 2722 ao
1174 2685 1233 2723 ma·

148 2765 238 2806 tronar
249 2755 260 2823 (
266 2765 297 2807 ut
309 2755 534 2827 iwpapcprrssauoat
547 2753 623 2826 apud
634 2755 840 2826 Athenienses),
852 2773 951 2809 novem
964 2751 1081 2826 perdica
1094 2772 1126 2807 ac
1139 2766 1233 2807 noctes

148 2834 287 2896 debebant
295 2837 429 2892 abstinere
441 2837 633 2905 concubitu‚ct
644 2843 801 2895 etramentis
813 2840 944 2894 incubare
953 2839 982 2892 in
994 2839 1106 2910 templo,
1116 2838 1159 2892 vel
1170 2857 1233 2910 per·

148 2921 247 2994 vigilia
259 2922 288 2974 in
301 2940 334 2976 eo
347 2940 439 2994 agere,
456 2922 531 2996 qnod
545 2923 628 2997 vulgo
640 2923 780 3002 dicebatur
788 2930 913 2988 secubare,
928 2936 956 2978 et
970 2927 995 2974 in
1008 2937 1075 2975 casso
1089 2925 1175 2986 Isidis,
1189 2923 1234 2979 rel

150 3010 247 3059 Ceren's
256 3026 319 3062 esse.
332 3007 372 3060 De
384 3025 439 3078 quo
452 3008 574 3062 secubitu
585 3008 649 3062 vide
660 3010 749 3081 intpp.
765 3010 846 3081 Prop.
860 3009 893 3061 33
904 3011 950 3080 (ai.
965 3011 1019 3077 ab),
1042 3027 1053 3060 r
1069 3025 1125 3080 aeq.
1139 3009 1190 3069 lv,
1206 3007 1234 3074 5,

148 3090 184 3156 ³⁴
192 3109 202 3156 ς
213 3089 294 3145 Ovid.
307 3093 366 3145 Am.
380 3089 438 3154 111,
456 3109 498 3158 ro,
513 3109 538 3158 r,
555 3105 581 3146 et
596 3092 699 3146 Tibutl.
712 3094 726 3145 I
733 3132 743 3156 ,
755 3093 782 3160 3,
797 3093 838 3160 23,
849 3112 902 3166 seq.
917 3093 964 3147 ubi
980 3105 1043 3145 nota
1056 3091 1154 3166 Heynii
1165 3092 1232 3161 legi·

147 3187 207 3242 tur,
218 3193 277 3248 quae
286 3175 365 3229 etiam
374 3173 491 3229 adhunc
500 3175 590 3228 iocum
600 3177 742 3231 transferri
756 3191 843 3250 potest
855 3198 882 3232 :a
894 3176 1048 3231 Admodum
1060 3179 1233 3251 superstitio·

147 3277 208 3314 sam
219 3277 324 3311 uxorem
337 3259 421 3313 fuisse
434 3276 542 3313 necesse
553 3270 607 3326 est,
620 3259 723 3332 quippe
735 3279 794 3332 qua
806 3263 888 3316 etiam
898 3262 1040 3334 peregrina
1049 3281 1126 3316 sacra
1135 3261 1231 3328 celuim

145 3363 201 3400 nec
209 3341 241 3398 id
251 3363 336 3417 genue
346 3345 498 3399 animorum
508 3343 576 3398 adeo
587 3344 705 3397 alienum
716 3345 750 3398 ab
760 3364 851 3400 amore
862 3365 921 3400 esse
930 3346 1013 3400 aiunt.
1023 3371 1034 3394 s

580 3519 812 3538 mmm

187 3647 197 3673 ¹
216 3639 292 3690 cons.
308 3638 431 3704 Apuleius
443 3639 500 3688 loco
513 3639 626 3700 laudato,
646 3649 671 3689 et
715 3655 787 3688 onera
797 3641 872 3688 Voss.
882 3640 991 3705 Etymol.
1001 3656 1027 3704 p.
1041 3639 1083 3700 87,
1094 3647 1118 3686 et
1128 3637 1229 3686 Salmas.

148 3720 245 3770 similes
263 3721 385 3787 imagines
405 3719 472 3785 apud
493 3721 574 3770 Strnr.
597 3722 668 3786 synt.
714 3721 803 3770 Exere.
815 3721 880 3771 Plin.
892 3736 950 3785 pag.
966 3722 1031 3778 ³i¹s
1044 3720 1096 3783 938
1111 3727 1136 3766 et
1149 3734 1230 3780 1170,

148 3802 238 3866 Antiq.
250 3803 326 3850 Rom.
341 3801 390 3851 tab.
404 3803 437 3861 V,
455 3799 498 3866 fig.
517 3817 566 3861 ar;
584 3789 669 3850 wilde
714 3800 764 3848 nisi
785 3799 854 3864 quod
875 3815 1005 3865 perperam
1021 3807 1155 3864 putarant,
1176 3813 1230 3848 non

147 3897 216 3947 gem.
236 3891 289 3932 ant.
311 3882 362 3931 tab.
387 3883 437 3941 313
461 3881 553 3930 Gorlrei
572 3881 686 3946 Dactyb·
714 3881 862 3941 mulierem,
885 3897 940 3946 qna
959 3881 1033 3930 sacris
1053 3879 1142 3928 diebus
1161 3878 1229 3928 band

147 3974 211 4012 tom.
230 3965 269 4022 11,
284 3979 310 4012 n.
326 3963 376 4012 386
388 3979 439 4028 seq.
454 3959 667 4027 etMontsaueoo‚
715 3961 861 4010 abstinuerit
877 3961 1028 4019 concubitu,
1049 3959 1093 4008 sed
1112 3959 1229 4011 maritum

151 4041 279 4107 Antr'quitd
294 4042 438 4108 explique'e,
458 4053 518 4092 torn.
533 4045 570 4103 11,
591 4045 618 4093 P.
631 4047 669 4103 11,
714 4039 864 4103 ejusadiisse
874 4039 1041 4099 sacerdotem,
1055 4049 1084 4087 nt
1093 4053 1140 4104 pro
1152 4055 1229 4088 eave·

149 4139 207 4187 pag.
221 4124 282 4180 314.
713 4120 779 4168 niam
793 4130 897 4185 peteret,
918 4135 1056 4184 magnaque
1070 4119 1183 4168 mercede
1200 4135 1226 4166 ar

186 4207 197 4233 ²
217 4205 254 4251 Ita
274 4219 376 4268 quoque
394 4202 463 4252 bunc
486 4204 566 4254 locum
586 4203 668 4269 expli·
709 4217 784 4266 prena
796 4201 892 4266 culpam
907 4200 972 4248 iliius
984 4199 1124 4249 redemisse.
