3148 4990
399 439 456 539 ni
485 473 715 539 suumin
744 473 958 540 Pristin.
1170 439 1225 540 53⁵

140 581 212 647 (vid.
225 583 259 638 ad
272 583 329 637 Vll
341 625 349 650 ,
363 594 416 650 ηις
424 590 443 656 ).
455 619 492 628 -
500 591 593 640 loculis
604 590 785 646 comitantibus,
800 599 850 639 etc.
862 587 900 638 Ita
912 586 953 639 bis
965 585 1051 638 verbis
1060 586 1213 657 magnitudo

140 670 248 737 jactura
261 681 289 720 et
302 667 403 722 insania
417 671 583 736 ludentium,
596 670 647 721 illia
660 688 723 722 vero
735 669 830 721 borum
842 669 981 721 multitudo
994 667 1210 721 adumbraretur:

144 763 288 822 utrumque
303 764 390 804 autem
405 765 483 825 poeta
497 753 631 823 designme
642 751 755 803 voluisse
768 750 880 804 videtur.
893 751 1051 804 Heineckius
1061 750 1117 803 haeo
1131 751 1220 804 adun-¹

145 833 207 884 tavit
219 852 226 885 :
243 859 255 880 ι
267 839 333 886 Alsa
344 847 397 888 nm
408 835 498 903 nude,
512 836 557 888 ubi
567 835 710 906 requiritur
727 833 937 906 comparativus,
954 853 995 885 me
1011 853 1113 906 semper
1128 835 1214 888 ofsen-

145 911 190 964 dit
213 915 383 970 Britannicum
405 917 616 972 subaudiendum
636 935 691 971 esse
712 917 748 968 ait
768 919 847 984 mags}
864 920 981 977 vexavit,
1001 917 1043 969 vel
1056 917 1128 971 aliud
1141 919 1214 990 quid.

147 997 254 1070 Ellipsis
268 1002 343 1054 verbi
355 1002 417 1056 satis
428 1003 540 1069 usitata,
554 1020 606 1054 uon
618 1020 680 1054 vem
691 1019 751 1053 cum
765 1003 851 1068 magri.
861 1001 912 1052 vet
925 1019 956 1052 ex
970 1000 1130 1072 antecedent.
1141 1003 1220 1070 major

146 1093 249 1130 assume
260 1081 469 1151 comparativum
482 1122 489 1147 ,
504 1081 550 1152 qui
566 1080 618 1132 huc
634 1078 789 1143 conveniat,
807 1090 833 1130 et
849 1081 893 1128 bos
903 1069 1032 1146 Insequar
1048 1079 1154 1151 accipe,
1169 1080 1217 1134 hos

149 1159 282 1213 Romanos
301 1162 374 1230 (vid.
392 1162 515 1216 Oudend.
536 1162 570 1215 ad
587 1162 687 1215 Lucan.
699 1162 731 1226 1,
747 1159 831 1230 363);
852 1162 895 1214 vel
910 1162 997 1234 potius
1017 1163 1118 1233 corrige
1135 1181 1142 1214 ε
1162 1167 1219 1214 alea

149 1245 248 1307 panda
258 1246 320 1294 Hae
331 1247 436 1305 nubum,
448 1246 556 1317 wando
564 1246 618 1297 elea
633 1247 701 1304 bae,
719 1243 794 1297 idest
804 1244 878 1308 talis,
896 1256 925 1295 ut
934 1262 1005 1297 nune
1016 1257 1071 1309 est,
1090 1246 1146 1298 talis
1157 1246 1220 1298 aleas

150 1323 281 1392 cupiditas
291 1328 397 1388 mainus,
409 1327 530 1381 homines
541 1368 549 1392 ,
560 1327 658 1382 scilicet
668 1327 746 1398 oepit.
757 1327 902 1399 Corruptus
915 1339 953 1379 est
963 1327 1036 1380 locus
1047 1327 1219 1399 ah'imperitis

150 1406 283 1474 Iibnriis,
299 1410 346 1481 qui
361 1422 501 1481 putarent,
521 1413 573 1462 boec
589 1408 754 1463 referendum
777 1428 831 1462 esse
852 1408 886 1461 nd
903 1411 1027 1462 animm.-
1046 1411 1112 1475 Qun
1128 1411 1150 1464 si
1172 1430 1220 1482 ego

150 1488 334 1556 adnotarem,
349 1493 392 1544 ille
403 1491 511 1547 dixisset
521 1493 645 1556 fortusse,
658 1492 776 1544 inutitem
789 1510 844 1544 esse
858 1490 925 1544 hanc
937 1494 1129 1564 conjecturum,
1145 1496 1219 1567 inep-

150 1585 203 1623 tam
226 1593 291 1628 veto
313 1576 553 1648 interpretationem
575 1575 655 1628 illam.
671 1604 707 1616 -
721 1577 784 1626 Alea
804 1574 875 1646 (quo
893 1593 950 1627 voc.
968 1575 1053 1626 omnis
1071 1575 1222 1647 designatur

151 1653 246 1716 ludus,
268 1658 316 1728 qui
330 1658 432 1710 fortuna
445 1659 528 1729 magis
541 1677 620 1729 quam
637 1669 692 1711 nrte
710 1655 821 1727 regitur,
835 1655 962 1727 nobisque
968 1659 1013 1723 jou
1023 1660 1055 1708 de
1065 1659 1160 1710 Ismard
1167 1659 1220 1714 dici

151 1737 231 1800 solet,
241 1739 331 1792 Roma
340 1751 366 1791 et
377 1741 460 1812 turpis
469 1753 536 1804 erat,
546 1752 572 1792 et
580 1740 681 1812 legibus
691 1739 767 1792 vetita
779 1748 787 1774 ¹
799 1755 806 1790 :
821 1737 867 1792 sed
876 1737 927 1809 ipsi
935 1756 1041 1809 quoque
1050 1739 1222 1810 Imperatores

151 1819 226 1870 nullo
238 1820 311 1873 lusus
323 1841 417 1892 genere
429 1823 529 1894 magis,
549 1841 628 1894 quam
647 1823 715 1886 hoc,
732 1821 945 1884 oblectabantur,
957 1821 1157 1893 exemplumque
1173 1822 1221 1876 da·

153 1901 215 1952 bant
224 1912 243 1952 ².
255 1901 308 1954 En.
320 1933 357 1943 -
366 1907 466 1963 Loculi,
485 1906 603 1975 capsula,
619 1905 662 1958 vel
672 1921 812 1968 crumena,
829 1921 888 1974 quus
897 1903 1011 1975 aliquam
1022 1905 1139 1974 pecuniae
1150 1924 1223 1958 sum·

153 2001 224 2036 mam
237 1997 364 2039 eontinet.

188 2131 257 2178 Vn.
277 2147 319 2194 9⁰·
340 2131 471 2192 Cosmum,
488 2134 531 2194 16,
546 2142 592 2195 47,
607 2134 649 2182 58.
667 2159 703 2170 -
721 2133 800 2183 Plena
819 2149 866 2198 pro
879 2131 976 2197 posita,
996 2151 1027 2194 2,
1045 2135 1073 2182 in
1087 2135 1227 2199 Interstitio

154 2235 189 2246 -
210 2212 314 2274 Quoque
328 2229 377 2277 pro
388 2213 446 2276 sed,
463 2214 502 2264 16.

189 2304 259 2356 Nor.
279 2323 324 2373 9⁰·
340 2311 384 2358 Aa
397 2326 499 2367 usum,
523 2308 659 2361 formitem
672 2307 783 2372 ludum,
802 2306 952 2370 fortunam,
973 2309 1077 2365 sabuloe,
1097 2307 1177 2373 aleas,
1198 2308 1228 2359 in

155 2405 210 2458 quio
219 2387 281 2440 Iusu
290 2390 334 2441 tali
345 2425 353 2452 ‚
365 2390 408 2443 rel
419 2401 521 2443 tesseras
532 2391 560 2442 in
571 2391 698 2453 mecum,
708 2407 754 2442 seu
767 2391 876 2438 tabulam
888 2387 1010 2440 lusorium
1023 2389 1170 2441 mittuntur.
1183 2389 1226 2441 Cf.

157 2468 193 2520 ad
206 2468 287 2536 XIV,
297 2470 322 2522 5.
331 2501 368 2511 -
377 2475 479 2530 Posito,
491 2473 608 2542 apposita
618 2472 647 2524 in
659 2469 741 2534 ludo,
752 2481 783 2522 ut
793 2468 916 2521 Genuani
928 2485 935 2520 :
950 2470 1009 2536 uass
1022 2471 1087 2535 Spiel
1095 2483 1184 2522 setun
1192 2501 1229 2512 -

157 2555 236 2611 Ama,
247 2551 323 2606 theca
333 2552 492 2616 nummaria,
501 2553 529 2604 in
537 2571 587 2623 qua
596 2587 603 2618 ,
611 2550 743 2623 quidquid
751 2551 869 2622 pecunia
879 2563 1020 2604 numeratu
1030 2552 1124 2622 aliquis
1134 2553 1228 2620 babet,

159 2633 321 2686 reconditur.
337 2665 374 2676 -
387 2637 426 2688 ltn
444 2633 546 2688 luditur
564 2651 626 2686 cum
644 2633 765 2686 universa
784 2651 813 2686 re
833 2631 953 2684 familiari
970 2635 1045 2705 cujus
1063 2635 1229 2707 naufragium

159 2713 277 2779 facium
291 2726 387 2786 atque,
399 2725 428 2765 nt
442 2713 524 2766 fauete
534 2713 620 2785 inquit
632 2712 742 2765 Lucian.
753 2712 857 2766 Sattttn.
872 2717 905 2774 d:
925 2707 947 2762 oi
963 2701 996 2764 di
1010 2700 1123 2780 ipss-estu
1140 2708 1230 2784 γυμνοὶ

158 2785 316 2922 deificas,
338 2784 497 2864 nuptiisque
515 2788 595 2861 adlice
613 2789 660 2844 roi
680 2785 811 2862 adpone,
832 2787 893 2861 rupi
912 2783 971 2858 siqu
990 2790 1071 2863 μιιρᾷ
1089 2782 1176 2863 ἵρμιηι
1194 2792 1233 2863 τᾷ

211 2870 238 2922 ι’.
253 2875 300 2922 Ed.

198 2961 267 3016 Nor.
287 2981 332 3028 91.
346 2967 509 3032 Dispouator
518 2978 544 3018 et
553 2977 658 3018 curator
667 2965 706 3019 rei
720 2964 873 3028 Inutiliaria,
888 2956 1029 3033 siurim,
1043 2959 1232 3046 post'actorem

161 3045 287 3117 princeps
297 3065 433 3100 satorum
443 3087 452 3114 ,
464 3048 511 3118 qui
522 3047 631 3100 domino
645 3061 683 3102 est
695 3067 710 3100 a
721 3047 866 3100 rationibus
875 3047 977 3118 accepti
986 3058 1011 3099 et
1020 3047 1125 3117 expensi
1135 3087 1143 3114 ‚
1154 3067 1233 3119 pecu·

161 3128 287 3200 uimque
308 3131 459 3197 dispumat:
481 3130 572 3182 confer
589 3131 661 3196 Vll,
685 3147 744 3196 219.
770 3132 944 3198 Dispensatore
964 3131 1110 3199 amigerof
1127 3130 1234 3184 domino
1332 3175 1339 3194 ,

162 3211 264 3264 Iudenti
276 3232 361 3273 ama,
375 3231 428 3266 non
440 3225 494 3266 tam
504 3214 568 3266 talos
578 3214 625 3281 (ut
633 3213 711 3278 XIV,
724 3212 757 3281 5)
767 3251 774 3278 ,
789 3211 845 3265 Iudi
857 3212 1027 3266 iustrumenta
1037 3253 1045 3279 ,
1059 3231 1137 3284 quam
1146 3213 1235 3284 potius

162 3295 323 3366 pecuniam,
340 3294 551 3348 subministrante
568 3296 645 3362 (uam
662 3307 723 3348 sunt
741 3295 852 3348 ablativa
870 3294 1027 3364 absolutn):
1049 3295 1200 3367 metaphora
1220 3316 1234 3348 a

162 3378 234 3429 bello
245 3377 327 3450 petita
337 3398 345 3442 ;
359 3375 430 3430 unde
441 3388 468 3430 et
475 3380 578 3444 prolia,
596 3395 655 3450 quse
667 3375 736 3430 dicta
748 3389 841 3449 putant
852 3396 902 3449 pro
914 3379 994 3444 rixis,
1011 3378 1121 3450 jurgiis,
1140 3390 1166 3431 et
1175 3379 1236 3450 qui·

163 3461 225 3514 dem
243 3461 286 3514 vel
302 3461 483 3528 oollusornm,
501 3461 543 3514 vel
561 3459 729 3512 dominorum
748 3478 808 3512 cum
826 3459 1057 3532 dispensatoribus.
1072 3460 1110 3512 Ita
1128 3461 1235 3514 Henric.

164 3545 252 3597 Valeo.
264 3569 276 3589 ι
284 3549 383 3610 Quanta
388 3546 494 3612 praelia,
506 3553 615 3614 quantas
623 3542 692 3595 rins
700 3561 867 3615 pugnasque,
879 3545 991 3605 uidebis,
1004 3547 1179 3612 ds'spestsatora‚
1190 3544 1237 3616 qui

164 3627 304 3682 dominum
315 3638 419 3679 secutus
430 3636 484 3692 est,
498 3638 523 3678 et
530 3643 617 3678 arcam
628 3625 731 3691 attulit,
746 3628 880 3693 amigem,
895 3644 984 3691 arma,
997 3644 1101 3692 nrcam,
1116 3639 1236 3696 gerente,

165 3723 192 3764 et
209 3711 355 3775 clamante,
370 3707 473 3781 quoties
487 3707 520 3762 de
538 3727 596 3762 arca
614 3705 715 3760 domini
727 3706 902 3780 promendum
921 3722 969 3762 est.
981 3735 992 3756 ι
1010 3708 1062 3762 Sed
1077 3709 1237 3781 praeferenda

588 3856 819 3876 fflfflfflffim

205 3968 214 3992 ¹
233 3959 292 4007 Vid.
304 3959 435 4008 Henbaob.
447 3958 479 4006 de
491 3959 576 4006 Politia
589 3961 682 4007 Roma·
764 3963 775 3988 ¹
793 3955 851 4003 Vid.
869 3957 969 4004 Sueton.
985 3956 1089 4020 August.
1104 3971 1156 4020 cap.
1174 3973 1205 4018 70
1215 3971 1239 4006 et

165 4055 271 4098 mum,
284 4038 412 4102 Goetting.
426 4053 507 4106 1791,
521 4037 536 4102 ς
550 4047 597 4094 41,
611 4047 634 4084 et
647 4037 683 4084 in·
728 4051 775 4095 7¹3
790 4034 894 4098 GnIIguI.
905 4049 958 4097 cap.
971 4043 1017 4092 tu
1031 4033 1117 4084 Claud.
1129 4051 1181 4100 cup.
1194 4039 1239 4096 33,

166 4129 284 4184 tes-pretet
306 4117 406 4166 Horatii
428 4115 553 4177 othrum,
572 4114 617 4164 lib.
630 4118 681 4176 ΠΙ,
727 4124 751 4161 et
764 4113 856 4162 Domit.
870 4129 923 4178 cap.
937 4129 985 4170 πυ
1006 4113 1097 4162 Confer
1111 4114 1187 4174 infra,
1198 4132 1241 4164 sa-

166 4207 212 4256 2⁴,
229 4213 290 4246 vers.
307 4197 349 4245 58.
726 4193 766 4240 tir.
779 4194 856 4254 VIII,
870 4208 915 4254 so,
930 4202 955 4242 et
968 4192 1034 4242 satit.
1046 4194 1122 4252 XIV,
1134 4201 1164 4251 4,
1180 4195 1204 4250 ⁵.
