3056 4984
349 425 402 490 IN
425 423 659 489 SATIRAM
681 421 937 504 QUINTAM.
1025 413 1031 424 ’
1112 423 1174 508 3¹7

337 538 408 584 Secta
420 537 570 583 coronabunt
581 543 672 582 rutatos
684 551 730 582 ora
741 537 849 582 lacertos.

101 603 177 674 tint.
194 619 306 675 osam.
319 621 354 674 aa
364 622 460 674 unm.
472 623 516 688 11,
529 624 569 674 16.

132 717 206 770 Nor.
226 717 271 770 85.
284 721 380 769 Feralis
388 737 458 769 cornu
470 738 480 768 .·
493 735 553 769 nam
563 736 629 783 ova,
643 717 706 790 quia
717 716 839 770 adbiberi
851 718 885 771 ad
896 717 1074 771 lustrationem
1084 719 1175 784 solita,

101 800 210 872 propria
229 800 311 852 luisse
329 799 455 852 videntur
471 800 610 872 sepulcrali
626 801 723 871 epulo,
743 802 786 853 vel
803 801 951 867 silicernio,
969 814 998 854 ut
1012 803 1084 868 lens,
1098 803 1136 856 sal
1151 816 1176 856 et

101 884 203 949 libum;
217 883 291 954 Lipa.
304 882 338 936 ad
351 883 437 937 Tacit.
447 883 541 937 Annal.
552 883 592 935 vl
602 922 609 947 ,
621 883 646 936 5.
668 885 725 937 Ova
741 886 806 937 olim
822 887 850 937 in
863 885 990 957 sepulcris
1005 887 1101 958 posita,
1118 897 1177 940 tan·

101 983 181 1038 quam
193 966 321 1019 sacrificia
332 966 477 1038 piacularia
488 984 538 1039 pro
550 966 661 1019 mortuis
671 968 775 1032 oblata;
790 966 852 1020 vide
865 966 898 1019 ad
911 967 965 1030 Vl,
980 967 1048 1034 5183
1066 969 1177 1022 Luciani

101 1049 170 1101 nial
186 1049 269 1103 Mort.
286 1050 315 1114 Ι,
328 1066 353 1115 1,
368 1061 393 1102 et
408 1053 531 1102 Crenaer's
546 1053 667 1115 Symbdii
681 1063 742 1103 tom.
756 1051 816 1115 ΙΙΙ,
828 1068 856 1123 p.
871 1049 931 1102 525.
946 1050 1003 1102 Diis
1017 1069 1122 1124 quoque
1134 1052 1176 1104 iu·

102 1131 164 1184 feria
171 1150 274 1197 muna,
281 1131 380 1203 aliique
386 1133 521 1204 pisciculi,
533 1144 559 1186 et
567 1132 628 1186 vilia
634 1151 746 1204 quaeque
751 1131 899 1186 consecrari
907 1131 982 1184 solita
990 1137 1106 1198 3pate11oe
1114 1153 1178 1187 vero

102 1231 166 1266 uana
185 1215 317 1286 plurimus
333 1214 361 1267 in
377 1215 556 1270 libationibus.
578 1216 727 1288 Utrumque
746 1215 830 1268 lucina
846 1214 924 1268 docet
940 1215 1029 1268 licina.
1047 1215 1080 1268 ad
1098 1216 1177 1273 ovid.

103 1296 173 1350 Faat.
186 1297 233 1362 Il,
247 1298 311 1367 578,
324 1296 376 1361 634
385 1311 411 1350 et
421 1299 483 1352 651.
497 1299 588 1372 Epitb.
599 1302 691 1368 exigua
700 1312 777 1372 auget
785 1299 1002 1364 diminutionem,
1011 1299 1115 1353 utinfra
1123 1302 1177 1366 XI,

107 1384 165 1442 144.
177 1408 214 1418 -
229 1383 304 1432 Goena
313 1382 515 1450 autemseralis‚
531 1400 578 1434 ceu
591 1382 708 1436 funebria
723 1381 820 1455 duplex
835 1394 905 1447 erat,
922 1382 1001 1435 altera
1011 1385 1058 1434 diis
1067 1387 1178 1436 manibus

104 1463 131 1514 in
141 1481 219 1533 rogo,
233 1465 313 1538 altera
325 1465 453 1536 proximis
467 1477 493 1517 et
505 1465 596 1518 amicis
608 1478 714 1537 parata,
729 1477 754 1518 et
764 1466 806 1518 illa
819 1465 927 1538 proprie
935 1464 1074 1519 dicebatur
1084 1471 1177 1520 silicer-

103 1547 184 1607 numa,
198 1546 256 1599 baec
266 1551 364 1615 epulum
368 1549 477 1616 funebre
486 1569 496 1600 .·
508 1547 581 1620 quod
589 1551 643 1620 jam
654 1548 769 1601 docuere
779 1548 883 1620 Koenig.
895 1547 929 1601 ad
938 1546 1009 1602 Pera.
1020 1550 1073 1616 VI,
1083 1551 1127 1617 33,
1138 1564 1176 1616 et,

104 1646 171 1699 quoa
182 1629 221 1680 ibi
231 1630 364 1696 laudavit,
375 1631 495 1684 Kirchm.
504 1630 539 1683 de
548 1631 614 1684 Fun.
624 1633 680 1692 vl,
691 1631 705 1684 5
715 1650 786 1704 aeq.;
799 1631 873 1704 Lipa.
884 1631 918 1684 ad
927 1632 1009 1686 Tacit.
1019 1635 1112 1688 Annal.
1124 1636 1179 1704 v1,

106 1713 139 1778 ⁵3
150 1714 277 1786 Doering.
286 1715 320 1768 ad
330 1715 426 1768 Catull.
437 1714 516 1779 LIX,
525 1713 556 1780 33
568 1715 717 1770 llemsterb.
729 1715 763 1768 ad
773 1715 882 1770 Lucian.
893 1716 926 1769 de
937 1718 1084 1790 Contempl.
1096 1739 1121 1772 c.
1134 1739 1175 1772 aa.

116 1947 119 1952 ,
140 1883 209 1929 Vn.
230 1883 273 1931 86.
286 1879 414 1948 Ρσῃῆιᾰίτ,
428 1898 467 1946 ¹⁹·
480 1879 610 1946 Perfundit
614 1882 707 1946 piscem
715 1919 726 1942 ‚
740 1899 781 1932 ao.

141 1976 211 2028 Nor.
230 1977 276 2030 86.
292 1977 372 2030 Conl.
387 1977 477 2030 Horat.
489 1975 544 2030 Sat.
562 1979 605 2043 ΙΙ,
624 1997 657 2045 a,
677 1980 710 2046 59
722 1997 776 2051 seq.
792 1979 930 2046 111,125;
949 1978 998 2044 IV,
1010 1979 1051 2032 50.
1066 1985 1120 2048 lpse
1130 2001 1177 2053 pa·

107 2073 206 2114 monna.
227 2091 264 2101 —
287 2063 434 2130 Venafrano
448 2060 521 2125 oleo,
535 2059 608 2132 quod
620 2061 750 2134 optimum
764 2073 833 2127 erat,
851 2080 882 2114 ex
895 2079 958 2134 agro
970 2062 1097 2123 Venafri,
1113 2083 1175 2136 opp.

108 2143 259 2216 Campaniae
272 2163 279 2197 :
296 2143 351 2196 vid.
364 2143 432 2196 Plin.
445 2143 510 2210 XV,
524 2163 547 2197 a.

141 2317 211 2364 Vn.
232 2317 275 2376 87.
288 2313 409 2381 offertur,
425 2331 467 2376 27,
480 2315 592 2377 46-48,
604 2317 646 2378 50,
657 2315 703 2376 54,
716 2315 756 2374 58,
765 2315 879 2372 61-63,
889 2315 1003 2377 65-69,
1014 2322 1129 2375 ἰι-74,
1139 2330 1179 2382 77.

141 2405 211 2458 Nor.
230 2407 275 2475 87.
290 2405 404 2458 Martial.
418 2405 504 2472 XIII,
520 2423 565 2476 17:

323 2504 360 2550 lla
372 2503 416 2548 tibi
427 2503 542 2564 pollenter
556 2514 667 2580 mpreant
678 2503 772 2550 fastidia
784 2504 880 2559 caolet,

356 2577 448 2624 Nitrata
460 2577 542 2625 viridia
553 2578 656 2625 branica
667 2578 708 2624 liat
721 2593 790 2639 aqna.

112 2695 143 2704 -
154 2665 271 2714 Pallidus
283 2665 375 2723 mutu,
390 2661 558 2727 damascena,
578 2661 709 2718 marcidus
724 2663 823 2736 quique
835 2661 935 2734 pallido
947 2663 1035 2716 colore
1048 2661 1181 2714 fastidium

111 2748 209 2819 pariat;
226 2744 296 2799 Ach.
317 2777 352 2786 -
376 2749 458 2798 olebit
474 2752 611 2807 humma,
628 2746 733 2810 oleum,
754 2746 831 2817 quale
850 2745 964 2797 lucernis
983 2743 1088 2797 infundi
1106 2744 1180 2798 aolet.

112 2827 184 2880 Cous.
193 2826 288 2878 Horat.
300 2825 352 2879 Sat.
363 2827 394 2891 1,
406 2831 439 2892 6,
452 2832 510 2888 rad.
526 2816 627 2895 Σιπρδν
637 2814 735 2891 ἵλεων,
749 2824 802 2877 boc
813 2837 864 2890 eat,
874 2826 962 2878 oleum
978 2836 1107 2878 vetustate
1122 2843 1181 2877 cor-

113 2923 234 2982 ruptum,
245 2907 435 2973 etrancidum,
447 2907 512 2961 locis
523 2909 600 2960 simil.¹
611 2907 678 2959 dixit
688 2907 824 2977 Theophr.
834 2907 913 2960 Char.
923 2907 978 2972 XI,
990 2913 1019 2972 ά,
1029 2920 1053 2960 et
1061 2907 1126 2959 xlx
1135 2949 1142 2972 ,
1150 2907 1182 2973 3,
1279 2915 1281 2921 '

114 2991 144 3044 ad
153 3011 212 3065 quac
222 2991 294 3045 conf.
304 2991 414 3044 Caraub.
430 2991 574 3043 Famabiue
584 2989 781 3076 suspicabatur,
796 3001 901 3060 poetam
917 2991 1060 3061 respexisse
1077 2991 1141 3042 illud
1154 2991 1181 3044 iu

113 3071 315 3125 Demosthenem
324 3073 463 3144 jactatum,
476 3060 518 3122 vir
528 3062 617 3138 λύχνοι
631 3060 688 3138 ὄζοι.

145 3231 215 3278 Vin.
236 3231 279 3278 88.
293 3227 401 3286 Nosm's,
414 3230 456 3278 26.
468 3255 503 3266 -
515 3227 635 3284 Auleolis,
648 3228 690 3284 ld.
702 3228 772 3278 Coul'.
782 3229 812 3278 ad
821 3229 885 3290 vn,
897 3230 937 3291 73.

124 3381 129 3396 .
145 3319 215 3374 Nor.
229 3322 327 3393 ddceq.
342 3321 500 3393 Designatur
509 3321 597 3374 oleum
608 3319 792 3382 Numidicum,
802 3321 844 3373 vel
853 3320 1017 3385 urrunnu
1025 3321 1182 3374 sesaminum

115 3401 191 3471 (ride
203 3403 336 3458 llanduin.
351 3404 395 3458 ad.
409 3403 478 3456 Plio.
494 3404 555 3470 XV,
571 3423 584 3455 a
598 3415 624 3455 et
637 3405 686 3472 7),
707 3402 779 3474 quod
790 3401 859 3455 adeo
870 3404 971 3468 scateat,
988 3416 1018 3456 ut
1031 3422 1108 3456 nemo
1121 3422 1182 3456 oum

115 3491 252 3548 lectiam,
271 3488 324 3540 hoc
338 3500 395 3554 est,
414 3489 484 3541 Afris
497 3507 529 3540 eo
543 3487 656 3540 inunctis
668 3486 792 3539 sustineat
805 3486 908 3551 lavare,
922 3505 1007 3558 neque
1018 3487 1060 3538 bia
1073 3498 1185 3539 noceant

115 3584 263 3644 tepentes,
279 3572 324 3644 qui
337 3575 392 3645 ejus
405 3571 606 3642 graveolentiam
622 3570 689 3622 ierne
703 3587 756 3621 non
768 3569 877 3642 possint.
887 3601 922 3610 -
936 3572 1032 3620 Alveoli
1042 3588 1105 3622 vasa
1118 3588 1183 3622 con·

116 3673 194 3720 cara,
207 3655 312 3718 lancea,
326 3664 371 3706 aut
381 3654 474 3718 catini,
489 3653 550 3725 gall.
563 3656 693 3704 sanciens.
711 3683 747 3694 -
766 3655 846 3717 Illud,
858 3671 895 3705 ac.
907 3652 1011 3716 oleum,
1023 3655 1092 3720 quod
1101 3672 1184 3703 canna

117 3741 272 3806 Micipsarum
285 3740 408 3800 subvexit,
423 3737 475 3791 hoc
486 3749 540 3802 cst,
551 3737 623 3809 quod
633 3755 664 3790 ex
675 3735 800 3789 Numidia
812 3735 951 3788 advectum
964 3747 1003 3788 eat
1014 3737 1133 3787 Romam.
1148 3765 1183 3774 -

119 3824 204 3872 cam
213 3820 326 3892 cymba,
339 3821 453 3882 lembus,
469 3839 500 3874 ex
510 3820 638 3873 arundine
650 3833 695 3873 aut
706 3839 787 3874 canna
797 3821 941 3874 conlectus.
951 3819 1028 3873 Conl.
1039 3819 1106 3870 Plin.
1116 3818 1185 3884 VII,

120 3906 208 3973 a(ubi
220 3904 284 3958 vide
297 3905 445 3976 llarduin.)
458 3918 483 3958 et
497 3906 539 3958 56.
554 3935 589 3946 —
601 3906 705 3959 Veteris
721 3907 811 3958 Schol.
830 3918 890 3959 nota
908 3919 946 3959 est
964 3925 970 3960 :
987 3932 998 3952 ι
1008 3907 1097 3959 Genua
1111 3907 1191 3959 navic

118 4007 175 4060 qua
186 3988 424 4056 maledicitur,
445 4001 474 4042 ut
486 3991 524 4043 sic
535 3992 643 4058 gaudela
657 3991 831 4055 Micipsarum,
849 3988 942 4053 idest,
957 3989 1090 4042 Afrorum.
1113 3987 1185 4042 Gan-

119 4071 203 4124 deiam
214 4073 286 4124 enim
297 4073 346 4124 ooli
357 4073 429 4138 Afri,
442 4072 535 4138 idest,
550 4073 663 4138 Zamaei3
678 4073 736 4135 vel,
750 4084 779 4123 ut
790 4071 853 4137 alii,
866 4071 1013 4144 byzaceni,
1026 4083 1056 4122 ut
1066 4071 1110 4123 alii
1120 4071 1185 4123 Bar·

120 4155 165 4208 cci
183 4157 368 4210 invenerunt.»
386 4156 487 4210 Probus
507 4169 594 4210 autem
614 4169 701 4210 censet
717 4175 772 4210 eoae
788 4155 914 4210 doliolum
929 4157 1027 4210 iactum
1041 4175 1072 4210 ex
1085 4175 1185 4221 canna,
