<?xml version="1.0" encoding="UTF-8"?>
<!DOCTYPE html PUBLIC "-//W3C//DTD XHTML 1.0 Transitional//EN"
    "http://www.w3.org/TR/xhtml1/DTD/xhtml1-transitional.dtd">
<html xmlns="http://www.w3.org/1999/xhtml" xml:lang="en" lang="en">
 <head>
  <title>
</title>
<meta http-equiv="Content-Type" content="text/html;charset=utf-8" />
  <meta name='ocr-system' content='tesseract 3.04.00' />
  <meta name='ocr-capabilities' content='ocr_page ocr_carea ocr_par ocr_line ocrx_word'/>
</head>
<body>
  <div class='ocr_page' id='page_1' title='image "./sexdecimsatir01lemagoog_0709.png"; bbox 0 0 3122 4986; ppageno 0'>
   <div class='ocr_carea' id='block_1_1' title="bbox 297 401 1229 534">
    <p class='ocr_par' dir='ltr' id='par_1_1' title="bbox 297 401 1229 534">
     <span class='ocr_line' id='line_1_1' title="bbox 297 401 1229 534; baseline 0.002 -25"><span class='ocrx_word' id='word_1_1' title='bbox 297 401 381 534; x_wconf 72' lang='lat'><strong>⁸690</strong></span> <span class='ocrx_word' id='word_1_2' title='bbox 475 445 647 512; x_wconf 67' lang='lat' dir='ltr'><strong>vrum</strong></span> <span class='ocrx_word' id='word_1_3' title='bbox 669 443 967 510; x_wconf 74' lang='lat' dir='ltr'><strong>sucrmuns</strong></span> <span class='ocrx_word' id='word_1_4' title='bbox 990 445 1053 510; x_wconf 78' lang='lat' dir='ltr'><strong>nr</strong></span> <span class='ocrx_word' id='word_1_5' title='bbox 1075 445 1229 512; x_wconf 78' lang='lat' dir='ltr'><strong>NorAE</strong></span> 
     </span>
    </p>
   </div>
   <div class='ocr_carea' id='block_1_2' title="bbox 315 556 1384 881">
    <p class='ocr_par' dir='ltr' id='par_1_2' title="bbox 315 556 1384 881">
     <span class='ocr_line' id='line_1_2' title="bbox 351 556 1383 632; baseline -0.003 -17"><span class='ocrx_word' id='word_1_6' title='bbox 351 562 419 616; x_wconf 87' lang='lat' dir='ltr'><strong>Nor.</strong></span> <span class='ocrx_word' id='word_1_7' title='bbox 440 563 499 616; x_wconf 75' lang='lat' dir='ltr'><strong>stt.</strong></span> <span class='ocrx_word' id='word_1_8' title='bbox 521 562 615 629; x_wconf 76' lang='lat' dir='ltr'><strong>Vigilat</strong></span> <span class='ocrx_word' id='word_1_9' title='bbox 634 563 723 612; x_wconf 65' lang='lat' dir='ltr'><strong>consu</strong></span> <span class='ocrx_word' id='word_1_10' title='bbox 740 557 850 624; x_wconf 77' lang='lat' dir='ltr'><strong>Cicero,</strong></span> <span class='ocrx_word' id='word_1_11' title='bbox 865 557 911 630; x_wconf 85' lang='lat' dir='ltr'><strong>qni</strong></span> <span class='ocrx_word' id='word_1_12' title='bbox 930 557 959 610; x_wconf 87' lang='lat' dir='ltr'><strong>in</strong></span> <span class='ocrx_word' id='word_1_13' title='bbox 974 557 1141 612; x_wconf 74' lang='lat' dir='ltr'><strong>Catilintriis</strong></span> <span class='ocrx_word' id='word_1_14' title='bbox 1158 558 1197 612; x_wconf 84' lang='lat' dir='ltr'><strong>ite</strong></span> <span class='ocrx_word' id='word_1_15' title='bbox 1215 556 1250 612; x_wconf 86' lang='lat' dir='ltr'><strong>de</strong></span> <span class='ocrx_word' id='word_1_16' title='bbox 1265 576 1294 611; x_wconf 86' lang='lat' dir='ltr'><strong>se</strong></span> <span class='ocrx_word' id='word_1_17' title='bbox 1310 559 1383 632; x_wconf 86' lang='lat' dir='ltr'><strong>ipss:</strong></span> 
     </span>
     <span class='ocr_line' id='line_1_3' title="bbox 316 639 1382 715; baseline -0.004 -17"><span class='ocrx_word' id='word_1_18' title='bbox 316 647 399 698; x_wconf 80' lang='lat' dir='ltr'><strong>-Jenr</strong></span> <span class='ocrx_word' id='word_1_19' title='bbox 415 643 563 715; x_wconf 81' lang='lat' dir='ltr'><strong>intelliges,</strong></span> <span class='ocrx_word' id='word_1_20' title='bbox 582 643 669 696; x_wconf 79' lang='lat' dir='ltr'><strong>multo</strong></span> <span class='ocrx_word' id='word_1_21' title='bbox 689 659 732 696; x_wconf 84' lang='lat' dir='ltr'><strong>sne</strong></span> <span class='ocrx_word' id='word_1_22' title='bbox 751 640 865 712; x_wconf 74' lang='lat' dir='ltr'><strong>vigilare</strong></span> <span class='ocrx_word' id='word_1_23' title='bbox 884 640 973 695; x_wconf 83' lang='lat' dir='ltr'><strong>serius</strong></span> <span class='ocrx_word' id='word_1_24' title='bbox 994 639 1030 694; x_wconf 81' lang='lat' dir='ltr'><strong>ed</strong></span> <span class='ocrx_word' id='word_1_25' title='bbox 1050 642 1181 707; x_wconf 74' lang='lat' dir='ltr'><strong>salutem,</strong></span> <span class='ocrx_word' id='word_1_26' title='bbox 1200 655 1292 714; x_wconf 76' lang='lat' dir='ltr'><strong>quam·</strong></span> <span class='ocrx_word' id='word_1_27' title='bbox 1305 653 1330 695; x_wconf 89' lang='lat' dir='ltr'><strong>te</strong></span> <span class='ocrx_word' id='word_1_28' title='bbox 1348 641 1382 694; x_wconf 82' lang='lat' dir='ltr'><strong>ed</strong></span> 
     </span>
     <span class='ocr_line' id='line_1_4' title="bbox 315 723 1384 807; baseline -0.001 -27"><span class='ocrx_word' id='word_1_29' title='bbox 315 725 462 807; x_wconf 80' lang='lat' dir='ltr'><strong>perniciem</strong></span> <span class='ocrx_word' id='word_1_30' title='bbox 478 723 646 800; x_wconf 74' lang='lat' dir='ltr'><strong>reipublice3</strong></span> <span class='ocrx_word' id='word_1_31' title='bbox 657 751 667 773; x_wconf 83' lang='grc' dir='ltr'>ι</span> <span class='ocrx_word' id='word_1_32' title='bbox 680 725 781 796; x_wconf 78' lang='lat' dir='ltr'><strong>Greng.</strong></span> <span class='ocrx_word' id='word_1_33' title='bbox 791 755 827 766; x_wconf 94' lang='lat'><em>-</em></span> <span class='ocrx_word' id='word_1_34' title='bbox 840 726 954 784; x_wconf 72' lang='lat' dir='ltr'><strong>Vexilla,</strong></span> <span class='ocrx_word' id='word_1_35' title='bbox 970 724 1063 796; x_wconf 81' lang='lat' dir='ltr'><strong>copies</strong></span> <span class='ocrx_word' id='word_1_36' title='bbox 1073 737 1212 780; x_wconf 77' lang='lat' dir='ltr'><strong>restruet</strong></span> <span class='ocrx_word' id='word_1_37' title='bbox 1220 727 1384 798; x_wconf 69' lang='lat' dir='ltr'><strong>conjuratos,</strong></span> 
     </span>
     <span class='ocr_line' id='line_1_5' title="bbox 315 807 1041 881; baseline -0.006 -16"><span class='ocrx_word' id='word_1_38' title='bbox 315 810 362 881; x_wconf 86' lang='lat' dir='ltr'><strong>qui</strong></span> <span class='ocrx_word' id='word_1_39' title='bbox 379 809 522 864; x_wconf 76' lang='lat' dir='ltr'><strong>vobiscum</strong></span> <span class='ocrx_word' id='word_1_40' title='bbox 536 821 632 862; x_wconf 70' lang='lat' dir='ltr'><strong>contre</strong></span> <span class='ocrx_word' id='word_1_41' title='bbox 649 807 846 881; x_wconf 68' lang='lat' dir='ltr'><strong>rempublicam</strong></span> <span class='ocrx_word' id='word_1_42' title='bbox 858 810 1041 880; x_wconf 79' lang='lat' dir='ltr'><strong>conjures-unt</strong></span> 
     </span>
    </p>
   </div>
   <div class='ocr_carea' id='block_1_3' title="bbox 313 903 1390 1901">
    <p class='ocr_par' dir='ltr' id='par_1_3' title="bbox 314 903 1389 1392">
     <span class='ocr_line' id='line_1_6' title="bbox 350 903 1388 977; baseline -0.001 -18"><span class='ocrx_word' id='word_1_43' title='bbox 350 906 421 959; x_wconf 85' lang='lat' dir='ltr'><strong>Nor.</strong></span> <span class='ocrx_word' id='word_1_44' title='bbox 441 903 500 976; x_wconf 80' lang='lat'>²37·</span> <span class='ocrx_word' id='word_1_45' title='bbox 519 906 566 956; x_wconf 81' lang='lat' dir='ltr'><strong>Hie</strong></span> <span class='ocrx_word' id='word_1_46' title='bbox 587 904 697 969; x_wconf 80' lang='lat' dir='ltr'><strong>Cicero,</strong></span> <span class='ocrx_word' id='word_1_47' title='bbox 715 921 791 955; x_wconf 77' lang='lat' dir='ltr'><strong>rores</strong></span> <span class='ocrx_word' id='word_1_48' title='bbox 809 903 910 969; x_wconf 87' lang='lat' dir='ltr'><strong>homo,</strong></span> <span class='ocrx_word' id='word_1_49' title='bbox 931 903 985 957; x_wconf 88' lang='lat' dir='ltr'><strong>hoo</strong></span> <span class='ocrx_word' id='word_1_50' title='bbox 1005 916 1058 968; x_wconf 88' lang='lat' dir='ltr'><strong>est,</strong></span> <span class='ocrx_word' id='word_1_51' title='bbox 1080 904 1129 977; x_wconf 88' lang='lat' dir='ltr'><strong>qui</strong></span> <span class='ocrx_word' id='word_1_52' title='bbox 1151 905 1255 977; x_wconf 87' lang='lat' dir='ltr'><strong>primus</strong></span> <span class='ocrx_word' id='word_1_53' title='bbox 1276 923 1292 958; x_wconf 88' lang='lat' dir='ltr'><strong>e</strong></span> <span class='ocrx_word' id='word_1_54' title='bbox 1312 916 1388 975; x_wconf 86' lang='lat' dir='ltr'><strong>gente</strong></span> 
     </span>
     <span class='ocr_line' id='line_1_7' title="bbox 315 985 1388 1060; baseline 0 -20"><span class='ocrx_word' id='word_1_55' title='bbox 315 987 408 1040; x_wconf 78' lang='lat' dir='ltr'><strong>Tullia</strong></span> <span class='ocrx_word' id='word_1_56' title='bbox 424 987 597 1058; x_wconf 73' lang='lat' dir='ltr'>magistratus</span> <span class='ocrx_word' id='word_1_57' title='bbox 612 987 719 1040; x_wconf 88' lang='lat' dir='ltr'><strong>curules</strong></span> <span class='ocrx_word' id='word_1_58' title='bbox 738 985 846 1057; x_wconf 87' lang='lat' dir='ltr'><strong>gessit.¹</strong></span> <span class='ocrx_word' id='word_1_59' title='bbox 858 1015 894 1028; x_wconf 94' lang='lat'>-</span> <span class='ocrx_word' id='word_1_60' title='bbox 907 989 1026 1056; x_wconf 77' lang='lat' dir='ltr'><strong>Arpinas,</strong></span> <span class='ocrx_word' id='word_1_61' title='bbox 1046 988 1081 1042; x_wconf 84' lang='lat' dir='ltr'><strong>eb</strong></span> <span class='ocrx_word' id='word_1_62' title='bbox 1093 987 1211 1060; x_wconf 77' lang='lat' dir='ltr'><strong>Arpino‚</strong></span> <span class='ocrx_word' id='word_1_63' title='bbox 1228 987 1388 1040; x_wconf 80' lang='lat' dir='ltr'><strong>Volscorurn</strong></span> 
     </span>
     <span class='ocr_line' id='line_1_8' title="bbox 314 1069 1385 1144; baseline -0.001 -21"><span class='ocrx_word' id='word_1_64' title='bbox 314 1069 432 1142; x_wconf 89' lang='lat' dir='ltr'><strong>oppido,</strong></span> <span class='ocrx_word' id='word_1_65' title='bbox 448 1069 587 1123; x_wconf 85' lang='lat' dir='ltr'><strong>oriundus.</strong></span> <span class='ocrx_word' id='word_1_66' title='bbox 596 1099 632 1111; x_wconf 91' lang='lat'><em>-</em></span> <span class='ocrx_word' id='word_1_67' title='bbox 641 1073 760 1140; x_wconf 73' lang='lat' dir='ltr'><strong>ignobilis</strong></span> <span class='ocrx_word' id='word_1_68' title='bbox 771 1070 826 1123; x_wconf 89' lang='lat' dir='ltr'><strong>hoo</strong></span> <span class='ocrx_word' id='word_1_69' title='bbox 840 1069 901 1124; x_wconf 88' lang='lat' dir='ltr'><strong>looo</strong></span> <span class='ocrx_word' id='word_1_70' title='bbox 913 1083 953 1125; x_wconf 87' lang='lat' dir='ltr'><strong>est</strong></span> <span class='ocrx_word' id='word_1_71' title='bbox 971 1070 1026 1125; x_wconf 82' lang='lat' dir='ltr'><strong>lere</strong></span> <span class='ocrx_word' id='word_1_72' title='bbox 1038 1071 1111 1126; x_wconf 87' lang='lat' dir='ltr'><strong>idem</strong></span> <span class='ocrx_word' id='word_1_73' title='bbox 1125 1071 1199 1144; x_wconf 83' lang='lat' dir='ltr'><strong>qood</strong></span> <span class='ocrx_word' id='word_1_74' title='bbox 1213 1075 1284 1124; x_wconf 71' lang='lat' dir='ltr'><strong>homo</strong></span> <span class='ocrx_word' id='word_1_75' title='bbox 1299 1091 1385 1132; x_wconf 76' lang='lat' dir='ltr'><strong>m,</strong></span> 
     </span>
     <span class='ocr_line' id='line_1_9' title="bbox 315 1151 1389 1227; baseline 0.002 -23"><span class='ocrx_word' id='word_1_76' title='bbox 315 1153 363 1224; x_wconf 88' lang='lat' dir='ltr'><strong>qui</strong></span> <span class='ocrx_word' id='word_1_77' title='bbox 377 1163 416 1206; x_wconf 89' lang='lat' dir='ltr'><strong>est</strong></span> <span class='ocrx_word' id='word_1_78' title='bbox 432 1171 465 1206; x_wconf 87' lang='lat' dir='ltr'><strong>ex</strong></span> <span class='ocrx_word' id='word_1_79' title='bbox 481 1152 585 1206; x_wconf 75' lang='lat' dir='ltr'><strong>familie</strong></span> <span class='ocrx_word' id='word_1_80' title='bbox 602 1151 731 1224; x_wconf 74' lang='lat' dir='ltr'><strong>ignobili,</strong></span> <span class='ocrx_word' id='word_1_81' title='bbox 744 1153 799 1205; x_wconf 90' lang='lat' dir='ltr'><strong>hoc</strong></span> <span class='ocrx_word' id='word_1_82' title='bbox 815 1166 868 1218; x_wconf 91' lang='lat' dir='ltr'><strong>est,</strong></span> <span class='ocrx_word' id='word_1_83' title='bbox 886 1173 919 1207; x_wconf 87' lang='lat' dir='ltr'><strong>ex</strong></span> <span class='ocrx_word' id='word_1_84' title='bbox 935 1173 990 1227; x_wconf 81' lang='lat' dir='ltr'><strong>qun</strong></span> <span class='ocrx_word' id='word_1_85' title='bbox 1002 1173 1083 1208; x_wconf 89' lang='lat' dir='ltr'><strong>nemo</strong></span> <span class='ocrx_word' id='word_1_86' title='bbox 1099 1157 1190 1208; x_wconf 74' lang='lat' dir='ltr'><strong>Rome</strong></span> <span class='ocrx_word' id='word_1_87' title='bbox 1202 1155 1389 1226; x_wconf 72' lang='lat' dir='ltr'><strong>mgistrorum</strong></span> 
     </span>
     <span class='ocr_line' id='line_1_10' title="bbox 315 1235 1388 1310; baseline 0.002 -22"><span class='ocrx_word' id='word_1_88' title='bbox 315 1235 436 1288; x_wconf 83' lang='lat' dir='ltr'><strong>curulem</strong></span> <span class='ocrx_word' id='word_1_89' title='bbox 449 1235 544 1307; x_wconf 82' lang='lat' dir='ltr'><strong>gessit;</strong></span> <span class='ocrx_word' id='word_1_90' title='bbox 565 1236 608 1288; x_wconf 84' lang='lat' dir='ltr'><strong>vel</strong></span> <span class='ocrx_word' id='word_1_91' title='bbox 627 1247 690 1288; x_wconf 81' lang='lat' dir='ltr'><strong>ente</strong></span> <span class='ocrx_word' id='word_1_92' title='bbox 706 1251 786 1307; x_wconf 85' lang='lat' dir='ltr'><strong>quem</strong></span> <span class='ocrx_word' id='word_1_93' title='bbox 804 1254 885 1289; x_wconf 89' lang='lat' dir='ltr'><strong>nemo</strong></span> <span class='ocrx_word' id='word_1_94' title='bbox 901 1239 1035 1310; x_wconf 77' lang='lat' dir='ltr'><strong>majorum</strong></span> <span class='ocrx_word' id='word_1_95' title='bbox 1054 1237 1205 1292; x_wconf 87' lang='lat' dir='ltr'><strong>honoribus</strong></span> <span class='ocrx_word' id='word_1_96' title='bbox 1224 1239 1357 1310; x_wconf 82' lang='lat' dir='ltr'><strong>rebusque</strong></span> <span class='ocrx_word' id='word_1_97' title='bbox 1372 1256 1388 1290; x_wconf 82' lang='lat' dir='ltr'><strong>e</strong></span> 
     </span>
     <span class='ocr_line' id='line_1_11' title="bbox 314 1319 608 1392; baseline 0.003 -20"><span class='ocrx_word' id='word_1_98' title='bbox 314 1337 343 1374; x_wconf 86' lang='lat' dir='ltr'><strong>se</strong></span> <span class='ocrx_word' id='word_1_99' title='bbox 355 1321 435 1392; x_wconf 83' lang='lat' dir='ltr'><strong>gestis</strong></span> <span class='ocrx_word' id='word_1_100' title='bbox 450 1319 608 1373; x_wconf 71' lang='lat' dir='ltr'><strong>inclaruit²</strong></span> 
     </span>
    </p>

    <p class='ocr_par' dir='ltr' id='par_1_4' title="bbox 313 1415 1390 1901">
     <span class='ocr_line' id='line_1_12' title="bbox 349 1415 1388 1488; baseline 0 -18"><span class='ocrx_word' id='word_1_101' title='bbox 349 1417 420 1470; x_wconf 76' lang='lat' dir='ltr'><strong>Non.</strong></span> <span class='ocrx_word' id='word_1_102' title='bbox 438 1416 498 1470; x_wconf 79' lang='lat'>²38.</span> <span class='ocrx_word' id='word_1_103' title='bbox 518 1416 675 1484; x_wconf 80' lang='lat' dir='ltr'><strong>Mrnicipalis</strong></span> <span class='ocrx_word' id='word_1_104' title='bbox 692 1417 789 1482; x_wconf 81' lang='lat' dir='ltr'><strong>Eques,</strong></span> <span class='ocrx_word' id='word_1_105' title='bbox 810 1416 857 1486; x_wconf 87' lang='lat' dir='ltr'><strong>qul</strong></span> <span class='ocrx_word' id='word_1_106' title='bbox 875 1435 930 1469; x_wconf 85' lang='lat' dir='ltr'><strong>non</strong></span> <span class='ocrx_word' id='word_1_107' title='bbox 952 1419 1058 1479; x_wconf 77' lang='lat' dir='ltr'><strong>Romae,</strong></span> <span class='ocrx_word' id='word_1_108' title='bbox 1074 1415 1123 1470; x_wconf 78' lang='lat' dir='ltr'><strong>sed</strong></span> <span class='ocrx_word' id='word_1_109' title='bbox 1134 1415 1243 1488; x_wconf 69' lang='lat' dir='ltr'><strong>Arpini,</strong></span> <span class='ocrx_word' id='word_1_110' title='bbox 1257 1417 1287 1470; x_wconf 85' lang='lat' dir='ltr'><strong>ln</strong></span> <span class='ocrx_word' id='word_1_111' title='bbox 1302 1415 1388 1470; x_wconf 76' lang='lat' dir='ltr'><strong>mutti-</strong></span> 
     </span>
     <span class='ocr_line' id='line_1_13' title="bbox 315 1495 1387 1572; baseline 0 -20"><span class='ocrx_word' id='word_1_112' title='bbox 315 1498 404 1572; x_wconf 87' lang='lat' dir='ltr'><strong>cipio,</strong></span> <span class='ocrx_word' id='word_1_113' title='bbox 422 1517 455 1552; x_wconf 88' lang='lat' dir='ltr'><strong>ex</strong></span> <span class='ocrx_word' id='word_1_114' title='bbox 473 1497 588 1570; x_wconf 73' lang='lat' dir='ltr'><strong>equestri</strong></span> <span class='ocrx_word' id='word_1_115' title='bbox 612 1495 714 1551; x_wconf 75' lang='lat' dir='ltr'><strong>familia</strong></span> <span class='ocrx_word' id='word_1_116' title='bbox 733 1511 810 1551; x_wconf 89' lang='lat' dir='ltr'><strong>ortus</strong></span> <span class='ocrx_word' id='word_1_117' title='bbox 825 1511 902 1552; x_wconf 83' lang='lat' dir='ltr'><strong>eret:</strong></span> <span class='ocrx_word' id='word_1_118' title='bbox 917 1517 980 1552; x_wconf 73' lang='lat' dir='ltr'><strong>narn</strong></span> <span class='ocrx_word' id='word_1_119' title='bbox 996 1498 1025 1552; x_wconf 91' lang='lat' dir='ltr'><strong>in</strong></span> <span class='ocrx_word' id='word_1_120' title='bbox 1045 1498 1200 1572; x_wconf 88' lang='lat' dir='ltr'><strong>municipiis</strong></span> <span class='ocrx_word' id='word_1_121' title='bbox 1216 1511 1244 1553; x_wconf 88' lang='lat' dir='ltr'><strong>et</strong></span> <span class='ocrx_word' id='word_1_122' title='bbox 1262 1499 1387 1562; x_wconf 88' lang='lat' dir='ltr'><strong>coloniis,</strong></span> 
     </span>
     <span class='ocr_line' id='line_1_14' title="bbox 314 1579 1390 1656; baseline 0 -22"><span class='ocrx_word' id='word_1_123' title='bbox 314 1601 388 1653; x_wconf 72' lang='lat' dir='ltr'><strong>oque</strong></span> <span class='ocrx_word' id='word_1_124' title='bbox 407 1599 439 1636; x_wconf 85' lang='lat' dir='ltr'><strong>ec</strong></span> <span class='ocrx_word' id='word_1_125' title='bbox 457 1583 562 1646; x_wconf 75' lang='lat' dir='ltr'><strong>Rome,</strong></span> <span class='ocrx_word' id='word_1_126' title='bbox 575 1592 629 1633; x_wconf 90' lang='lat' dir='ltr'><strong>tres</strong></span> <span class='ocrx_word' id='word_1_127' title='bbox 641 1592 717 1634; x_wconf 69' lang='lat' dir='ltr'><strong>erem</strong></span> <span class='ocrx_word' id='word_1_128' title='bbox 734 1581 835 1634; x_wconf 80' lang='lat' dir='ltr'><strong>civium</strong></span> <span class='ocrx_word' id='word_1_129' title='bbox 849 1579 971 1644; x_wconf 78' lang='lat' dir='ltr'><strong>ordines,</strong></span> <span class='ocrx_word' id='word_1_130' title='bbox 984 1583 1149 1649; x_wconf 81' lang='lat' dir='ltr'><strong>senatorius,</strong></span> <span class='ocrx_word' id='word_1_131' title='bbox 1159 1595 1283 1654; x_wconf 85' lang='lat' dir='ltr'><strong>equester</strong></span> <span class='ocrx_word' id='word_1_132' title='bbox 1295 1601 1326 1637; x_wconf 83' lang='lat' dir='ltr'><strong>ee</strong></span> <span class='ocrx_word' id='word_1_133' title='bbox 1336 1583 1390 1656; x_wconf 83' lang='lat' dir='ltr'><strong>ple·</strong></span> 
     </span>
     <span class='ocr_line' id='line_1_15' title="bbox 314 1661 1387 1738; baseline 0.001 -21"><span class='ocrx_word' id='word_1_134' title='bbox 314 1665 398 1717; x_wconf 87' lang='lat' dir='ltr'><strong>beius.</strong></span> <span class='ocrx_word' id='word_1_135' title='bbox 412 1662 542 1718; x_wconf 85' lang='lat' dir='ltr'><strong>Similiter</strong></span> <span class='ocrx_word' id='word_1_136' title='bbox 556 1661 612 1714; x_wconf 81' lang='lat' dir='ltr'><strong>lere</strong></span> <span class='ocrx_word' id='word_1_137' title='bbox 627 1664 783 1730; x_wconf 63' lang='lat' dir='ltr'><strong>muricpalis</strong></span> <span class='ocrx_word' id='word_1_138' title='bbox 798 1665 904 1724; x_wconf 80' lang='lat' dir='ltr'><strong>adulter,</strong></span> <span class='ocrx_word' id='word_1_139' title='bbox 916 1663 970 1716; x_wconf 87' lang='lat' dir='ltr'><strong>hoc</strong></span> <span class='ocrx_word' id='word_1_140' title='bbox 984 1676 1038 1730; x_wconf 83' lang='lat' dir='ltr'><strong>est,</strong></span> <span class='ocrx_word' id='word_1_141' title='bbox 1058 1665 1201 1736; x_wconf 88' lang='lat' dir='ltr'><strong>ignobilis,</strong></span> <span class='ocrx_word' id='word_1_142' title='bbox 1220 1667 1267 1738; x_wconf 83' lang='lat' dir='ltr'><strong>qui</strong></span> <span class='ocrx_word' id='word_1_143' title='bbox 1282 1684 1317 1718; x_wconf 91' lang='lat' dir='ltr'><strong>ne</strong></span> <span class='ocrx_word' id='word_1_144' title='bbox 1334 1668 1387 1720; x_wconf 83' lang='lat' dir='ltr'><strong>tto-</strong></span> 
     </span>
     <span class='ocr_line' id='line_1_16' title="bbox 313 1742 1387 1822; baseline 0.005 -23"><span class='ocrx_word' id='word_1_145' title='bbox 313 1765 409 1799; x_wconf 78' lang='lat' dir='ltr'><strong>manns</strong></span> <span class='ocrx_word' id='word_1_146' title='bbox 427 1742 538 1816; x_wconf 87' lang='lat' dir='ltr'><strong>quidem</strong></span> <span class='ocrx_word' id='word_1_147' title='bbox 554 1744 619 1810; x_wconf 81' lang='lat' dir='ltr'><strong>tuis,</strong></span> <span class='ocrx_word' id='word_1_148' title='bbox 636 1764 685 1817; x_wconf 89' lang='lat' dir='ltr'><strong>per</strong></span> <span class='ocrx_word' id='word_1_149' title='bbox 698 1758 883 1818; x_wconf 89' lang='lat' dir='ltr'><strong>contemptum</strong></span> <span class='ocrx_word' id='word_1_150' title='bbox 898 1760 1013 1801; x_wconf 80' lang='lat' dir='ltr'><strong>vocetur</strong></span> <span class='ocrx_word' id='word_1_151' title='bbox 1030 1749 1143 1822; x_wconf 76' lang='lat' dir='ltr'><strong>Sejanus</strong></span> <span class='ocrx_word' id='word_1_152' title='bbox 1148 1769 1157 1816; x_wconf 79' lang='lat'>3</span> <span class='ocrx_word' id='word_1_153' title='bbox 1170 1750 1237 1802; x_wconf 83' lang='lat' dir='ltr'><strong>Teo.</strong></span> <span class='ocrx_word' id='word_1_154' title='bbox 1256 1753 1323 1804; x_wconf 78' lang='lat' dir='ltr'><strong>Ann.</strong></span> <span class='ocrx_word' id='word_1_155' title='bbox 1338 1751 1387 1812; x_wconf 84' lang='lat' dir='ltr'><strong>lv,</strong></span> 
     </span>
     <span class='ocr_line' id='line_1_17' title="bbox 315 1827 1203 1901; baseline 0.005 -19"><span class='ocrx_word' id='word_1_156' title='bbox 315 1829 346 1895; x_wconf 82' lang='lat'><strong>3,</strong></span> <span class='ocrx_word' id='word_1_157' title='bbox 359 1829 408 1882; x_wconf 87' lang='lat' dir='ltr'><strong>ubi</strong></span> <span class='ocrx_word' id='word_1_158' title='bbox 421 1828 494 1881; x_wconf 86' lang='lat' dir='ltr'><strong>conf.</strong></span> <span class='ocrx_word' id='word_1_159' title='bbox 506 1827 580 1901; x_wconf 88' lang='lat' dir='ltr'><strong>Llps.</strong></span> <span class='ocrx_word' id='word_1_160' title='bbox 589 1859 624 1870; x_wconf 89' lang='lat'>-</span> <span class='ocrx_word' id='word_1_161' title='bbox 636 1831 780 1894; x_wconf 76' lang='lat' dir='ltr'><strong>Galeamm,</strong></span> <span class='ocrx_word' id='word_1_162' title='bbox 794 1841 945 1894; x_wconf 69' lang='lat' dir='ltr'><strong>ernustum</strong></span> <span class='ocrx_word' id='word_1_163' title='bbox 957 1829 1021 1884; x_wconf 77' lang='lat' dir='ltr'><strong>vide</strong></span> <span class='ocrx_word' id='word_1_164' title='bbox 1039 1831 1074 1885; x_wconf 78' lang='lat' dir='ltr'><strong>sd</strong></span> <span class='ocrx_word' id='word_1_165' title='bbox 1093 1834 1121 1898; x_wconf 93' lang='lat'><strong>1,</strong></span> <span class='ocrx_word' id='word_1_166' title='bbox 1145 1833 1203 1886; x_wconf 79' lang='lat'><strong>168.</strong></span> 
     </span>
    </p>
   </div>
   <div class='ocr_carea' id='block_1_4' title="bbox 316 1983 1387 2220">
    <p class='ocr_par' dir='ltr' id='par_1_5' title="bbox 316 1983 1387 2220">
     <span class='ocr_line' id='line_1_18' title="bbox 351 1983 1387 2053; baseline 0 -17"><span class='ocrx_word' id='word_1_167' title='bbox 351 1987 419 2036; x_wconf 78' lang='lat' dir='ltr'><strong>Vn.</strong></span> <span class='ocrx_word' id='word_1_168' title='bbox 437 1987 497 2050; x_wconf 79' lang='lat'><strong>239.</strong></span> <span class='ocrx_word' id='word_1_169' title='bbox 516 1987 546 2033; x_wconf 79' lang='lat' dir='ltr'><strong>lu</strong></span> <span class='ocrx_word' id='word_1_170' title='bbox 559 1983 727 2045; x_wconf 78' lang='lat' dir='ltr'><strong>omnimonte,</strong></span> <span class='ocrx_word' id='word_1_171' title='bbox 741 2001 764 2047; x_wconf 91' lang='lat' dir='ltr'><strong>r,</strong></span> <span class='ocrx_word' id='word_1_172' title='bbox 776 1986 818 2046; x_wconf 80' lang='lat'><strong>75,</strong></span> <span class='ocrx_word' id='word_1_173' title='bbox 831 1985 1216 2053; x_wconf 78' lang='lat' dir='ltr'><strong>prob.1tigslt.Veturseholiou</strong></span> <span class='ocrx_word' id='word_1_174' title='bbox 1226 2004 1277 2044; x_wconf 87' lang='lat' dir='ltr'><strong>est:</strong></span> <span class='ocrx_word' id='word_1_175' title='bbox 1288 2003 1387 2052; x_wconf 61' lang='lat' dir='ltr'><strong>emsa,</strong></span> 
     </span>
     <span class='ocr_line' id='line_1_19' title="bbox 316 2067 1387 2140; baseline 0.007 -23"><span class='ocrx_word' id='word_1_176' title='bbox 316 2070 410 2136; x_wconf 81' lang='lat' dir='ltr'><strong>quirin</strong></span> <span class='ocrx_word' id='word_1_177' title='bbox 420 2070 548 2118; x_wconf 85' lang='lat' dir='ltr'><strong>montibus</strong></span> <span class='ocrx_word' id='word_1_178' title='bbox 554 2067 654 2118; x_wconf 82' lang='lat' dir='ltr'><strong>condite</strong></span> <span class='ocrx_word' id='word_1_179' title='bbox 664 2078 700 2117; x_wconf 88' lang='lat' dir='ltr'><strong>est</strong></span> <span class='ocrx_word' id='word_1_180' title='bbox 710 2071 799 2118; x_wconf 83' lang='lat' dir='ltr'><strong>Rome.</strong></span> <span class='ocrx_word' id='word_1_181' title='bbox 809 2071 909 2135; x_wconf 85' lang='lat' dir='ltr'><strong>Legitur</strong></span> <span class='ocrx_word' id='word_1_182' title='bbox 917 2081 941 2120; x_wconf 89' lang='lat' dir='ltr'><strong>et</strong></span> <span class='ocrx_word' id='word_1_183' title='bbox 949 2071 975 2120; x_wconf 82' lang='lat' dir='ltr'><strong>in</strong></span> <span class='ocrx_word' id='word_1_184' title='bbox 984 2072 1151 2137; x_wconf 78' lang='lat' dir='ltr'><strong>omniponte,</strong></span> <span class='ocrx_word' id='word_1_185' title='bbox 1158 2087 1262 2140; x_wconf 87' lang='lat' dir='ltr'><strong>propter</strong></span> <span class='ocrx_word' id='word_1_186' title='bbox 1268 2077 1387 2128; x_wconf 72' lang='lat' dir='ltr'><strong>Molsinn</strong></span> 
     </span>
     <span class='ocr_line' id='line_1_20' title="bbox 317 2149 1234 2220; baseline 0 -18"><span class='ocrx_word' id='word_1_187' title='bbox 317 2151 329 2220; x_wconf 90' lang='lat'>(</span> <span class='ocrx_word' id='word_1_188' title='bbox 335 2153 452 2202; x_wconf 75' lang='lat' dir='ltr'><strong>Milvinm</strong></span> <span class='ocrx_word' id='word_1_189' title='bbox 460 2149 486 2218; x_wconf 85' lang='lat'><strong>),</strong></span> <span class='ocrx_word' id='word_1_190' title='bbox 497 2151 541 2200; x_wconf 89' lang='lat' dir='ltr'><strong>ubi</strong></span> <span class='ocrx_word' id='word_1_191' title='bbox 551 2149 662 2201; x_wconf 82' lang='lat' dir='ltr'><strong>Cstilinae</strong></span> <span class='ocrx_word' id='word_1_192' title='bbox 672 2152 793 2212; x_wconf 75' lang='lat' dir='ltr'><strong>eoniursti</strong></span> <span class='ocrx_word' id='word_1_193' title='bbox 802 2163 827 2199; x_wconf 90' lang='lat' dir='ltr'><strong>et</strong></span> <span class='ocrx_word' id='word_1_194' title='bbox 835 2151 983 2219; x_wconf 72' lang='lat' dir='ltr'><strong>Allobroges</strong></span> <span class='ocrx_word' id='word_1_195' title='bbox 993 2153 1142 2219; x_wconf 80' lang='lat' dir='ltr'><strong>deprehensi</strong></span> <span class='ocrx_word' id='word_1_196' title='bbox 1149 2169 1214 2208; x_wconf 79' lang='lat' dir='ltr'><strong>sunt.</strong></span> <span class='ocrx_word' id='word_1_197' title='bbox 1223 2181 1234 2202; x_wconf 78' lang='grc' dir='ltr'>ι</span> 
     </span>
    </p>
   </div>
   <div class='ocr_carea' id='block_1_5' title="bbox 316 2245 1389 2490">
    <p class='ocr_par' dir='ltr' id='par_1_6' title="bbox 316 2245 1389 2490">
     <span class='ocr_line' id='line_1_21' title="bbox 351 2245 1387 2324; baseline 0.003 -24"><span class='ocrx_word' id='word_1_198' title='bbox 351 2249 421 2302; x_wconf 87' lang='lat' dir='ltr'><strong>Nor.</strong></span> <span class='ocrx_word' id='word_1_199' title='bbox 441 2245 503 2314; x_wconf 84' lang='lat'><strong>²³9·</strong></span> <span class='ocrx_word' id='word_1_200' title='bbox 521 2250 552 2296; x_wconf 79' lang='lat' dir='ltr'><strong>Ia</strong></span> <span class='ocrx_word' id='word_1_201' title='bbox 568 2247 638 2296; x_wconf 81' lang='lat' dir='ltr'><strong>omui</strong></span> <span class='ocrx_word' id='word_1_202' title='bbox 646 2257 737 2313; x_wconf 78' lang='lat' dir='ltr'><strong>gente,</strong></span> <span class='ocrx_word' id='word_1_203' title='bbox 753 2247 844 2298; x_wconf 72' lang='lat' dir='ltr'><strong>Romo</strong></span> <span class='ocrx_word' id='word_1_204' title='bbox 857 2245 953 2298; x_wconf 77' lang='lat' dir='ltr'><strong>vicina.</strong></span> <span class='ocrx_word' id='word_1_205' title='bbox 965 2247 1099 2300; x_wconf 89' lang='lat' dir='ltr'><strong>Nonnulli</strong></span> <span class='ocrx_word' id='word_1_206' title='bbox 1109 2249 1328 2322; x_wconf 82' lang='lat' dir='ltr'><strong>interpretentur,</strong></span> <span class='ocrx_word' id='word_1_207' title='bbox 1338 2271 1387 2324; x_wconf 87' lang='lat' dir='ltr'><strong>pro</strong></span> 
     </span>
     <span class='ocr_line' id='line_1_22' title="bbox 317 2327 1387 2406; baseline 0.003 -22"><span class='ocrx_word' id='word_1_208' title='bbox 317 2331 392 2384; x_wconf 85' lang='lat' dir='ltr'><strong>omni</strong></span> <span class='ocrx_word' id='word_1_209' title='bbox 406 2341 484 2402; x_wconf 88' lang='lat' dir='ltr'><strong>gente</strong></span> <span class='ocrx_word' id='word_1_210' title='bbox 502 2331 641 2393; x_wconf 81' lang='lat' dir='ltr'><strong>llomena,</strong></span> <span class='ocrx_word' id='word_1_211' title='bbox 657 2346 709 2399; x_wconf 90' lang='lat' dir='ltr'><strong>pro</strong></span> <span class='ocrx_word' id='word_1_212' title='bbox 722 2327 832 2381; x_wconf 86' lang='lat' dir='ltr'><strong>summis</strong></span> <span class='ocrx_word' id='word_1_213' title='bbox 843 2340 871 2382; x_wconf 90' lang='lat' dir='ltr'><strong>et</strong></span> <span class='ocrx_word' id='word_1_214' title='bbox 881 2328 995 2394; x_wconf 60' lang='lat' dir='ltr'><strong>infinie</strong></span> <span class='ocrx_word' id='word_1_215' title='bbox 1008 2328 1054 2381; x_wconf 78' lang='lat' dir='ltr'><strong>ulii</strong></span> <span class='ocrx_word' id='word_1_216' title='bbox 1068 2328 1102 2383; x_wconf 88' lang='lat' dir='ltr'><strong>de</strong></span> <span class='ocrx_word' id='word_1_217' title='bbox 1115 2333 1264 2398; x_wconf 78' lang='lat' dir='ltr'><strong>senatorio,</strong></span> <span class='ocrx_word' id='word_1_218' title='bbox 1276 2337 1387 2406; x_wconf 74' lang='lat' dir='ltr'><strong>equestri</strong></span> 
     </span>
     <span class='ocr_line' id='line_1_23' title="bbox 316 2406 1389 2490; baseline 0.005 -25"><span class='ocrx_word' id='word_1_219' title='bbox 316 2425 344 2465; x_wconf 90' lang='lat' dir='ltr'><strong>et</strong></span> <span class='ocrx_word' id='word_1_220' title='bbox 354 2410 462 2484; x_wconf 89' lang='lat' dir='ltr'><strong>plebeio</strong></span> <span class='ocrx_word' id='word_1_221' title='bbox 473 2407 570 2463; x_wconf 89' lang='lat' dir='ltr'><strong>ordine</strong></span> <span class='ocrx_word' id='word_1_222' title='bbox 573 2427 583 2490; x_wconf 70' lang='lat'>3</span> <span class='ocrx_word' id='word_1_223' title='bbox 593 2406 640 2462; x_wconf 88' lang='lat' dir='ltr'><strong>sed</strong></span> <span class='ocrx_word' id='word_1_224' title='bbox 650 2409 749 2462; x_wconf 87' lang='lat' dir='ltr'><strong>rectius</strong></span> <span class='ocrx_word' id='word_1_225' title='bbox 762 2410 865 2480; x_wconf 81' lang='lat' dir='ltr'><strong>Grang.</strong></span> <span class='ocrx_word' id='word_1_226' title='bbox 877 2422 904 2462; x_wconf 86' lang='lat' dir='ltr'><strong>et</strong></span> <span class='ocrx_word' id='word_1_227' title='bbox 915 2409 1031 2463; x_wconf 80' lang='lat' dir='ltr'><strong>Ferueh.</strong></span> <span class='ocrx_word' id='word_1_228' title='bbox 1045 2431 1099 2466; x_wconf 91' lang='lat' dir='ltr'><strong>non</strong></span> <span class='ocrx_word' id='word_1_229' title='bbox 1110 2425 1215 2468; x_wconf 80' lang='lat' dir='ltr'><strong>tanturn</strong></span> <span class='ocrx_word' id='word_1_230' title='bbox 1226 2417 1332 2480; x_wconf 76' lang='lat' dir='ltr'><strong>Rome,</strong></span> <span class='ocrx_word' id='word_1_231' title='bbox 1344 2417 1389 2470; x_wconf 89' lang='lat' dir='ltr'><strong>sed</strong></span> 
     </span>
    </p>
   </div>
   <div class='ocr_carea' id='block_1_6' title="bbox 316 2491 1389 2731">
    <p class='ocr_par' dir='ltr' id='par_1_7' title="bbox 316 2491 1389 2731">
     <span class='ocr_line' id='line_1_24' title="bbox 316 2491 1388 2568; baseline 0.004 -19"><span class='ocrx_word' id='word_1_232' title='bbox 316 2508 344 2550; x_wconf 87' lang='lat' dir='ltr'><strong>et</strong></span> <span class='ocrx_word' id='word_1_233' title='bbox 354 2507 429 2548; x_wconf 78' lang='lat' dir='ltr'><strong>extre</strong></span> <span class='ocrx_word' id='word_1_234' title='bbox 443 2499 572 2557; x_wconf 78' lang='lat' dir='ltr'><strong>Romam,</strong></span> <span class='ocrx_word' id='word_1_235' title='bbox 583 2491 611 2544; x_wconf 92' lang='lat' dir='ltr'><strong>iu</strong></span> <span class='ocrx_word' id='word_1_236' title='bbox 623 2491 777 2564; x_wconf 83' lang='lat' dir='ltr'><strong>municipiis</strong></span> <span class='ocrx_word' id='word_1_237' title='bbox 785 2505 812 2545; x_wconf 90' lang='lat' dir='ltr'><strong>et</strong></span> <span class='ocrx_word' id='word_1_238' title='bbox 820 2510 868 2564; x_wconf 89' lang='lat' dir='ltr'><strong>per</strong></span> <span class='ocrx_word' id='word_1_239' title='bbox 878 2491 985 2548; x_wconf 72' lang='lat' dir='ltr'><strong>Italiam</strong></span> <span class='ocrx_word' id='word_1_240' title='bbox 994 2513 1102 2547; x_wconf 87' lang='lat' dir='ltr'><strong>omnem</strong></span> <span class='ocrx_word' id='word_1_241' title='bbox 1111 2494 1248 2568; x_wconf 79' lang='lat' dir='ltr'><strong>dispositis</strong></span> <span class='ocrx_word' id='word_1_242' title='bbox 1258 2499 1388 2552; x_wconf 84' lang='lat' dir='ltr'><strong>excubiis:</strong></span> 
     </span>
     <span class='ocr_line' id='line_1_25' title="bbox 317 2577 1389 2652; baseline 0.005 -20"><span class='ocrx_word' id='word_1_243' title='bbox 317 2597 415 2652; x_wconf 77' lang='lat' dir='ltr'><strong>qnare,</strong></span> <span class='ocrx_word' id='word_1_244' title='bbox 435 2595 520 2649; x_wconf 86' lang='lat' dir='ltr'><strong>quum</strong></span> <span class='ocrx_word' id='word_1_245' title='bbox 534 2577 668 2629; x_wconf 80' lang='lat' dir='ltr'><strong>Proeneste</strong></span> <span class='ocrx_word' id='word_1_246' title='bbox 681 2587 815 2646; x_wconf 81' lang='lat' dir='ltr'><strong>occupare</strong></span> <span class='ocrx_word' id='word_1_247' title='bbox 833 2588 968 2629; x_wconf 82' lang='lat' dir='ltr'><strong>nocturno</strong></span> <span class='ocrx_word' id='word_1_248' title='bbox 980 2577 1081 2649; x_wconf 90' lang='lat' dir='ltr'><strong>impetn</strong></span> <span class='ocrx_word' id='word_1_249' title='bbox 1094 2579 1243 2633; x_wconf 81' lang='lat' dir='ltr'><strong>confideret</strong></span> <span class='ocrx_word' id='word_1_250' title='bbox 1261 2581 1389 2648; x_wconf 73' lang='lat' dir='ltr'><strong>Catilina,</strong></span> 
     </span>
     <span class='ocr_line' id='line_1_26' title="bbox 317 2655 1292 2731; baseline 0.006 -18"><span class='ocrx_word' id='word_1_251' title='bbox 317 2661 423 2716; x_wconf 82' lang='lat' dir='ltr'><strong>invenit</strong></span> <span class='ocrx_word' id='word_1_252' title='bbox 440 2655 575 2712; x_wconf 86' lang='lat' dir='ltr'><strong>munitum</strong></span> <span class='ocrx_word' id='word_1_253' title='bbox 589 2655 722 2730; x_wconf 68' lang='lat' dir='ltr'><strong>presidiis</strong></span> <span class='ocrx_word' id='word_1_254' title='bbox 740 2657 894 2724; x_wconf 83' lang='lat' dir='ltr'><strong>Ciceronis,</strong></span> <span class='ocrx_word' id='word_1_255' title='bbox 907 2657 942 2712; x_wconf 89' lang='lat' dir='ltr'><strong>de</strong></span> <span class='ocrx_word' id='word_1_256' title='bbox 957 2678 1012 2731; x_wconf 82' lang='lat' dir='ltr'><strong>quo</strong></span> <span class='ocrx_word' id='word_1_257' title='bbox 1031 2657 1093 2715; x_wconf 83' lang='lat' dir='ltr'><strong>vide</strong></span> <span class='ocrx_word' id='word_1_258' title='bbox 1106 2661 1163 2714; x_wconf 86' lang='lat' dir='ltr'><strong>Cic.</strong></span> <span class='ocrx_word' id='word_1_259' title='bbox 1176 2663 1256 2718; x_wconf 69' lang='lat' dir='ltr'><strong>Cutil.</strong></span> <span class='ocrx_word' id='word_1_260' title='bbox 1269 2665 1292 2720; x_wconf 91' lang='lat'><strong>1.</strong></span> 
     </span>
    </p>
   </div>
   <div class='ocr_carea' id='block_1_7' title="bbox 352 2825 649 2886">
    <p class='ocr_par' dir='ltr' id='par_1_8' title="bbox 352 2825 649 2886">
     <span class='ocr_line' id='line_1_27' title="bbox 352 2825 649 2886; baseline -0.01 -9"><span class='ocrx_word' id='word_1_261' title='bbox 352 2831 419 2878; x_wconf 77' lang='lat' dir='ltr'><strong>Vn.</strong></span> <span class='ocrx_word' id='word_1_262' title='bbox 438 2837 499 2885; x_wconf 74' lang='lat' dir='ltr'><strong>nto.</strong></span> <span class='ocrx_word' id='word_1_263' title='bbox 516 2827 593 2886; x_wconf 77' lang='lat' dir='ltr'><strong>Inter,</strong></span> <span class='ocrx_word' id='word_1_264' title='bbox 606 2825 649 2874; x_wconf 77' lang='lat' dir='ltr'><strong>sd.</strong></span> 
     </span>
    </p>
   </div>
   <div class='ocr_carea' id='block_1_8' title="bbox 316 2916 1389 3080">
    <p class='ocr_par' dir='ltr' id='par_1_9' title="bbox 316 2916 1389 3080">
     <span class='ocr_line' id='line_1_28' title="bbox 353 2916 1389 2996; baseline 0.009 -27"><span class='ocrx_word' id='word_1_265' title='bbox 353 2919 423 2971; x_wconf 85' lang='lat' dir='ltr'><strong>Nor.</strong></span> <span class='ocrx_word' id='word_1_266' title='bbox 443 2922 497 2980; x_wconf 62' lang='lat' dir='ltr'><strong>sto</strong></span> <span class='ocrx_word' id='word_1_267' title='bbox 506 2936 562 2989; x_wconf 84' lang='lat' dir='ltr'><strong>seq.</strong></span> <span class='ocrx_word' id='word_1_268' title='bbox 582 2916 678 2970; x_wconf 85' lang='lat' dir='ltr'><strong>Cicero</strong></span> <span class='ocrx_word' id='word_1_269' title='bbox 695 2917 762 2966; x_wconf 77' lang='lat' dir='ltr'><strong>intra</strong></span> <span class='ocrx_word' id='word_1_270' title='bbox 779 2935 876 2978; x_wconf 82' lang='lat' dir='ltr'><strong>muros,</strong></span> <span class='ocrx_word' id='word_1_271' title='bbox 895 2919 1001 2984; x_wconf 72' lang='lat' dir='ltr'><strong>Rome,</strong></span> <span class='ocrx_word' id='word_1_272' title='bbox 1017 2933 1090 2989; x_wconf 80' lang='lat' dir='ltr'><strong>toga,</strong></span> <span class='ocrx_word' id='word_1_273' title='bbox 1110 2934 1230 2996; x_wconf 88' lang='lat' dir='ltr'><strong>ternpore</strong></span> <span class='ocrx_word' id='word_1_274' title='bbox 1246 2938 1275 2977; x_wconf 92' lang='lat' dir='ltr'><strong>et</strong></span> <span class='ocrx_word' id='word_1_275' title='bbox 1287 2927 1389 2981; x_wconf 68' lang='lat' dir='ltr'><strong>artibus</strong></span> 
     </span>
     <span class='ocr_line' id='line_1_29' title="bbox 316 2997 1388 3080; baseline 0.009 -27"><span class='ocrx_word' id='word_1_276' title='bbox 316 3001 410 3074; x_wconf 81' lang='lat' dir='ltr'><strong>pecie,</strong></span> <span class='ocrx_word' id='word_1_277' title='bbox 426 2999 524 3072; x_wconf 80' lang='lat' dir='ltr'><strong>quibus</strong></span> <span class='ocrx_word' id='word_1_278' title='bbox 536 2999 608 3052; x_wconf 82' lang='lat' dir='ltr'><strong>cives</strong></span> <span class='ocrx_word' id='word_1_279' title='bbox 625 2997 755 3062; x_wconf 82' lang='lat' dir='ltr'><strong>servavit,</strong></span> <span class='ocrx_word' id='word_1_280' title='bbox 773 2999 835 3070; x_wconf 90' lang='lat' dir='ltr'><strong>plus</strong></span> <span class='ocrx_word' id='word_1_281' title='bbox 852 3001 906 3054; x_wconf 89' lang='lat' dir='ltr'><strong>sibi</strong></span> <span class='ocrx_word' id='word_1_282' title='bbox 920 3003 1026 3052; x_wconf 79' lang='lat' dir='ltr'><strong>nominis</strong></span> <span class='ocrx_word' id='word_1_283' title='bbox 1039 3017 1063 3054; x_wconf 79' lang='lat' dir='ltr'><strong>es</strong></span> <span class='ocrx_word' id='word_1_284' title='bbox 1075 3005 1151 3067; x_wconf 68' lang='lat' dir='ltr'><strong>rituali,</strong></span> <span class='ocrx_word' id='word_1_285' title='bbox 1163 3006 1218 3058; x_wconf 86' lang='lat' dir='ltr'><strong>hoc</strong></span> <span class='ocrx_word' id='word_1_286' title='bbox 1233 3021 1288 3075; x_wconf 89' lang='lat' dir='ltr'><strong>est,</strong></span> <span class='ocrx_word' id='word_1_287' title='bbox 1298 3009 1388 3080; x_wconf 71' lang='lat' dir='ltr'><strong>glorie</strong></span> 
     </span>
    </p>
   </div>
   <div class='ocr_carea' id='block_1_9' title="bbox 317 3081 1389 3243">
    <p class='ocr_par' dir='ltr' id='par_1_10' title="bbox 317 3081 1389 3243">
     <span class='ocr_line' id='line_1_30' title="bbox 317 3081 1389 3161; baseline 0.001 -27"><span class='ocrx_word' id='word_1_288' title='bbox 317 3083 438 3154; x_wconf 84' lang='lat' dir='ltr'><strong>peperit,</strong></span> <span class='ocrx_word' id='word_1_289' title='bbox 456 3100 538 3153; x_wconf 75' lang='lat' dir='ltr'><strong>quarn</strong></span> <span class='ocrx_word' id='word_1_290' title='bbox 558 3083 695 3152; x_wconf 79' lang='lat' dir='ltr'><strong>Augustus</strong></span> <span class='ocrx_word' id='word_1_291' title='bbox 713 3081 792 3134; x_wconf 83' lang='lat' dir='ltr'><strong>bellis</strong></span> <span class='ocrx_word' id='word_1_292' title='bbox 808 3082 922 3136; x_wconf 85' lang='lat' dir='ltr'><strong>feliciter</strong></span> <span class='ocrx_word' id='word_1_293' title='bbox 938 3084 1033 3156; x_wconf 87' lang='lat' dir='ltr'><strong>gestis,</strong></span> <span class='ocrx_word' id='word_1_294' title='bbox 1047 3087 1146 3158; x_wconf 81' lang='lat' dir='ltr'><strong>quibus</strong></span> <span class='ocrx_word' id='word_1_295' title='bbox 1166 3090 1315 3161; x_wconf 83' lang='lat' dir='ltr'><strong>plurimum</strong></span> <span class='ocrx_word' id='word_1_296' title='bbox 1331 3113 1389 3148; x_wconf 81' lang='lat' dir='ltr'><strong>sen.</strong></span> 
     </span>
     <span class='ocr_line' id='line_1_31' title="bbox 319 3163 1388 3243; baseline 0.014 -26"><span class='ocrx_word' id='word_1_297' title='bbox 319 3164 407 3237; x_wconf 89' lang='lat' dir='ltr'><strong>guinis</strong></span> <span class='ocrx_word' id='word_1_298' title='bbox 415 3164 501 3219; x_wconf 77' lang='lat' dir='ltr'><strong>civilis</strong></span> <span class='ocrx_word' id='word_1_299' title='bbox 510 3163 634 3220; x_wconf 79' lang='lat' dir='ltr'><strong>eliustrm.</strong></span> <span class='ocrx_word' id='word_1_300' title='bbox 645 3189 656 3210; x_wconf 79' lang='grc' dir='ltr'>ι</span> <span class='ocrx_word' id='word_1_301' title='bbox 666 3163 789 3219; x_wconf 83' lang='lat' dir='ltr'><strong>Catilinsr</strong></span> <span class='ocrx_word' id='word_1_302' title='bbox 799 3166 949 3238; x_wconf 80' lang='lat' dir='ltr'><strong>conjuratio</strong></span> <span class='ocrx_word' id='word_1_303' title='bbox 961 3167 1013 3221; x_wconf 82' lang='lat' dir='ltr'><strong>fuit</strong></span> <span class='ocrx_word' id='word_1_304' title='bbox 1022 3175 1146 3238; x_wconf 68' lang='lat' dir='ltr'><strong>cumeum,</strong></span> <span class='ocrx_word' id='word_1_305' title='bbox 1153 3190 1207 3226; x_wconf 91' lang='lat' dir='ltr'><strong>non</strong></span> <span class='ocrx_word' id='word_1_306' title='bbox 1214 3175 1332 3243; x_wconf 86' lang='lat' dir='ltr'><strong>bellurn,</strong></span> <span class='ocrx_word' id='word_1_307' title='bbox 1340 3197 1388 3232; x_wconf 82' lang='lat' dir='ltr'><strong>rec</strong></span> 
     </span>
    </p>
   </div>
   <div class='ocr_carea' id='block_1_10' title="bbox 740 3337 968 3357">
    <p class='ocr_par' dir='ltr' id='par_1_11' title="bbox 740 3337 968 3357">
     <span class='ocr_line' id='line_1_32' title="bbox 740 3337 968 3357; baseline 0.013 -3"><span class='ocrx_word' id='word_1_308' title='bbox 740 3337 968 3357; x_wconf 59' lang='grc' dir='ltr'><strong>ΜἈἏΜΙΜΜ</strong></span> 
     </span>
    </p>
   </div>
   <div class='ocr_carea' id='block_1_11' title="bbox 314 3439 1389 4219">
    <p class='ocr_par' dir='ltr' id='par_1_12' title="bbox 316 3439 1389 3918">
     <span class='ocr_line' id='line_1_33' title="bbox 355 3439 1386 3509; baseline 0.018 -24"><span class='ocrx_word' id='word_1_309' title='bbox 355 3449 364 3476; x_wconf 87' lang='lat'><em>¹</em></span> <span class='ocrx_word' id='word_1_310' title='bbox 383 3442 442 3492; x_wconf 78' lang='lat' dir='ltr'><strong>Vid.</strong></span> <span class='ocrx_word' id='word_1_311' title='bbox 456 3455 510 3505; x_wconf 79' lang='lat' dir='ltr'><strong>qne</strong></span> <span class='ocrx_word' id='word_1_312' title='bbox 521 3439 609 3490; x_wconf 80' lang='lat' dir='ltr'><strong>Cioero</strong></span> <span class='ocrx_word' id='word_1_313' title='bbox 620 3441 734 3506; x_wconf 82' lang='lat' dir='ltr'><strong>degente</strong></span> <span class='ocrx_word' id='word_1_314' title='bbox 745 3451 770 3490; x_wconf 88' lang='lat' dir='ltr'><strong>et</strong></span> <span class='ocrx_word' id='word_1_315' title='bbox 780 3442 829 3491; x_wconf 84' lang='lat' dir='ltr'><strong>ho·</strong></span> <span class='ocrx_word' id='word_1_316' title='bbox 873 3444 993 3508; x_wconf 84' lang='lat' dir='ltr'><strong>equestris</strong></span> <span class='ocrx_word' id='word_1_317' title='bbox 1003 3445 1116 3509; x_wconf 79' lang='lat' dir='ltr'><strong>ordinis3</strong></span> <span class='ocrx_word' id='word_1_318' title='bbox 1135 3449 1247 3498; x_wconf 72' lang='lat' dir='ltr'><strong>Britann.</strong></span> <span class='ocrx_word' id='word_1_319' title='bbox 1264 3453 1336 3502; x_wconf 80' lang='lat' dir='ltr'><strong>liene</strong></span> <span class='ocrx_word' id='word_1_320' title='bbox 1348 3471 1386 3504; x_wconf 88' lang='lat' dir='ltr'><strong>re·</strong></span> 
     </span>
     <span class='ocr_line' id='line_1_34' title="bbox 317 3519 1387 3592; baseline 0.012 -22"><span class='ocrx_word' id='word_1_321' title='bbox 317 3521 421 3570; x_wconf 81' lang='lat' dir='ltr'><strong>norilrur</strong></span> <span class='ocrx_word' id='word_1_322' title='bbox 438 3519 489 3568; x_wconf 87' lang='lat' dir='ltr'><strong>suis</strong></span> <span class='ocrx_word' id='word_1_323' title='bbox 503 3519 556 3584; x_wconf 88' lang='lat' dir='ltr'><strong>ipse</strong></span> <span class='ocrx_word' id='word_1_324' title='bbox 570 3519 636 3568; x_wconf 82' lang='lat' dir='ltr'><strong>dixit</strong></span> <span class='ocrx_word' id='word_1_325' title='bbox 647 3519 677 3568; x_wconf 88' lang='lat' dir='ltr'><strong>de</strong></span> <span class='ocrx_word' id='word_1_326' title='bbox 691 3520 737 3586; x_wconf 87' lang='lat' dir='ltr'><strong>leg.</strong></span> <span class='ocrx_word' id='word_1_327' title='bbox 751 3537 828 3587; x_wconf 87' lang='lat' dir='ltr'><strong>sgrnr.</strong></span> <span class='ocrx_word' id='word_1_328' title='bbox 874 3524 939 3588; x_wconf 76' lang='lat' dir='ltr'><strong>giem</strong></span> <span class='ocrx_word' id='word_1_329' title='bbox 956 3524 1084 3575; x_wconf 86' lang='lat' dir='ltr'><strong>Cioeronis</strong></span> <span class='ocrx_word' id='word_1_330' title='bbox 1101 3528 1226 3592; x_wconf 81' lang='lat' dir='ltr'><strong>originem</strong></span> <span class='ocrx_word' id='word_1_331' title='bbox 1240 3531 1268 3578; x_wconf 91' lang='lat' dir='ltr'><strong>in</strong></span> <span class='ocrx_word' id='word_1_332' title='bbox 1285 3533 1387 3583; x_wconf 81' lang='lat' dir='ltr'><strong>dubium</strong></span> 
     </span>
     <span class='ocr_line' id='line_1_35' title="bbox 317 3597 1389 3678; baseline 0.014 -30"><span class='ocrx_word' id='word_1_333' title='bbox 317 3609 403 3648; x_wconf 85' lang='lat' dir='ltr'><strong>eontre</strong></span> <span class='ocrx_word' id='word_1_334' title='bbox 414 3597 481 3646; x_wconf 76' lang='lat' dir='ltr'><strong>nult</strong></span> <span class='ocrx_word' id='word_1_335' title='bbox 490 3599 532 3659; x_wconf 89' lang='lat'><strong>11,</strong></span> <span class='ocrx_word' id='word_1_336' title='bbox 547 3613 558 3646; x_wconf 84' lang='lat' dir='ltr'><strong>r</strong></span> <span class='ocrx_word' id='word_1_337' title='bbox 570 3607 594 3646; x_wconf 84' lang='lat' dir='ltr'><strong>et</strong></span> <span class='ocrx_word' id='word_1_338' title='bbox 605 3613 629 3646; x_wconf 78' lang='lat' dir='ltr'><strong>r.</strong></span> <span class='ocrx_word' id='word_1_339' title='bbox 639 3597 761 3660; x_wconf 84' lang='lat' dir='ltr'><strong>Quisnsm</strong></span> <span class='ocrx_word' id='word_1_340' title='bbox 769 3617 828 3649; x_wconf 84' lang='lat' dir='ltr'><strong>vero</strong></span> <span class='ocrx_word' id='word_1_341' title='bbox 873 3604 971 3652; x_wconf 77' lang='lat' dir='ltr'><strong>voterit</strong></span> <span class='ocrx_word' id='word_1_342' title='bbox 980 3605 1084 3653; x_wconf 80' lang='lat' dir='ltr'><strong>Corrsd.</strong></span> <span class='ocrx_word' id='word_1_343' title='bbox 1093 3607 1121 3654; x_wconf 92' lang='lat' dir='ltr'><strong>in</strong></span> <span class='ocrx_word' id='word_1_344' title='bbox 1131 3608 1337 3678; x_wconf 74' lang='lat' dir='ltr'><strong>Questurs,peg.</strong></span> <span class='ocrx_word' id='word_1_345' title='bbox 1346 3617 1389 3664; x_wconf 80' lang='lat'><strong>33.</strong></span> 
     </span>
     <span class='ocr_line' id='line_1_36' title="bbox 317 3675 1388 3746; baseline 0.021 -22"><span class='ocrx_word' id='word_1_346' title='bbox 317 3675 830 3744; x_wconf 63' lang='lat' dir='ltr'><strong>nomusdtornuittmonmuignr-</strong></span> <span class='ocrx_word' id='word_1_347' title='bbox 873 3685 921 3733; x_wconf 90' lang='lat' dir='ltr'><strong>Sed</strong></span> <span class='ocrx_word' id='word_1_348' title='bbox 935 3685 985 3734; x_wconf 85' lang='lat' dir='ltr'><strong>vid.</strong></span> <span class='ocrx_word' id='word_1_349' title='bbox 997 3682 1124 3738; x_wconf 82' lang='lat' dir='ltr'><strong>Pluteroh.</strong></span> <span class='ocrx_word' id='word_1_350' title='bbox 1139 3691 1192 3738; x_wconf 76' lang='lat' dir='ltr'><strong>vu.</strong></span> <span class='ocrx_word' id='word_1_351' title='bbox 1205 3692 1286 3741; x_wconf 85' lang='lat' dir='ltr'><strong>Cioer.</strong></span> <span class='ocrx_word' id='word_1_352' title='bbox 1300 3697 1388 3746; x_wconf 82' lang='lat' dir='ltr'><strong>Enselr.</strong></span> 
     </span>
     <span class='ocr_line' id='line_1_37' title="bbox 316 3753 1386 3838; baseline 0.022 -38"><span class='ocrx_word' id='word_1_353' title='bbox 316 3753 385 3816; x_wconf 74' lang='lat' dir='ltr'><strong>bilis,</strong></span> <span class='ocrx_word' id='word_1_354' title='bbox 399 3765 424 3804; x_wconf 91' lang='lat' dir='ltr'><strong>et</strong></span> <span class='ocrx_word' id='word_1_355' title='bbox 439 3753 536 3816; x_wconf 79' lang='lat' dir='ltr'><strong>nobilis,</strong></span> <span class='ocrx_word' id='word_1_356' title='bbox 551 3757 591 3804; x_wconf 78' lang='lat' dir='ltr'><strong>vel</strong></span> <span class='ocrx_word' id='word_1_357' title='bbox 605 3755 729 3806; x_wconf 77' lang='lat' dir='ltr'><strong>tironibus</strong></span> <span class='ocrx_word' id='word_1_358' title='bbox 741 3769 829 3807; x_wconf 83' lang='lat' dir='ltr'><strong>notum</strong></span> <span class='ocrx_word' id='word_1_359' title='bbox 873 3763 966 3812; x_wconf 87' lang='lat' dir='ltr'><strong>Chron.</strong></span> <span class='ocrx_word' id='word_1_360' title='bbox 975 3765 1060 3815; x_wconf 81' lang='lat' dir='ltr'><strong>Aurel.</strong></span> <span class='ocrx_word' id='word_1_361' title='bbox 1071 3767 1136 3816; x_wconf 84' lang='lat' dir='ltr'><strong>Viot.</strong></span> <span class='ocrx_word' id='word_1_362' title='bbox 1145 3769 1177 3818; x_wconf 90' lang='lat' dir='ltr'><strong>de</strong></span> <span class='ocrx_word' id='word_1_363' title='bbox 1188 3772 1242 3820; x_wconf 79' lang='lat' dir='ltr'><strong>vtr.</strong></span> <span class='ocrx_word' id='word_1_364' title='bbox 1254 3773 1293 3823; x_wconf 90' lang='lat' dir='ltr'><strong>lll.</strong></span> <span class='ocrx_word' id='word_1_365' title='bbox 1311 3778 1386 3838; x_wconf 67' lang='lat'><strong>(2:813</strong></span> 
     </span>
     <span class='ocr_line' id='line_1_38' title="bbox 316 3833 1387 3918; baseline 0.022 -38"><span class='ocrx_word' id='word_1_366' title='bbox 316 3833 526 3899; x_wconf 74' lang='lat' dir='ltr'><strong>oecontsupn</strong></span> <span class='ocrx_word' id='word_1_367' title='bbox 539 3835 654 3891; x_wconf 65' lang='lat' dir='ltr'><strong>edm.</strong></span> <span class='ocrx_word' id='word_1_368' title='bbox 873 3844 1387 3918; x_wconf 68' lang='lat' dir='ltr'><strong>Sil.V111,405;111,175,etipseCie</strong></span> 
     </span>
    </p>

    <p class='ocr_par' dir='ltr' id='par_1_13' title="bbox 314 3911 1389 4219">
     <span class='ocr_line' id='line_1_39' title="bbox 353 3911 1389 3986; baseline 0.024 -29"><span class='ocrx_word' id='word_1_369' title='bbox 353 3911 514 3975; x_wconf 73' lang='lat' dir='ltr'><strong>&#39;ignobilis,</strong></span> <span class='ocrx_word' id='word_1_370' title='bbox 535 3928 610 3977; x_wconf 84' lang='lat' dir='ltr'><strong>quem</strong></span> <span class='ocrx_word' id='word_1_371' title='bbox 628 3930 674 3964; x_wconf 80' lang='lat' dir='ltr'><strong>vos</strong></span> <span class='ocrx_word' id='word_1_372' title='bbox 693 3915 829 3981; x_wconf 82' lang='lat' dir='ltr'><strong>ignobilem</strong></span> <span class='ocrx_word' id='word_1_373' title='bbox 873 3924 946 3971; x_wconf 70' lang='lat' dir='ltr'><strong>&#39;llere</strong></span> <span class='ocrx_word' id='word_1_374' title='bbox 963 3925 1058 3986; x_wconf 71' lang='lat' dir='ltr'><strong>Quest.</strong></span> <span class='ocrx_word' id='word_1_375' title='bbox 1073 3928 1097 3986; x_wconf 93' lang='lat'><strong>1,</strong></span> <span class='ocrx_word' id='word_1_376' title='bbox 1116 3929 1156 3986; x_wconf 79' lang='grc' dir='ltr'><strong>ιδ,</strong></span> <span class='ocrx_word' id='word_1_377' title='bbox 1171 3929 1217 3977; x_wconf 82' lang='lat' dir='ltr'><strong>uhi</strong></span> <span class='ocrx_word' id='word_1_378' title='bbox 1232 3932 1332 3980; x_wconf 72' lang='lat' dir='ltr'><strong>&#39;Ilrllnn</strong></span> <span class='ocrx_word' id='word_1_379' title='bbox 1346 3935 1389 3982; x_wconf 77' lang='lat' dir='ltr'><strong>At·</strong></span> 
     </span>
     <span class='ocr_line' id='line_1_40' title="bbox 314 3993 1387 4076; baseline 0.025 -42"><span class='ocrx_word' id='word_1_380' title='bbox 314 4002 360 4051; x_wconf 89' lang='lat' dir='ltr'><strong>per</strong></span> <span class='ocrx_word' id='word_1_381' title='bbox 372 3999 542 4054; x_wconf 76' lang='lat' dir='ltr'><strong>contemptum</strong></span> <span class='ocrx_word' id='word_1_382' title='bbox 554 3993 693 4059; x_wconf 76' lang='lat' dir='ltr'><strong>eppelletis3</strong></span> <span class='ocrx_word' id='word_1_383' title='bbox 705 4011 763 4044; x_wconf 81' lang='lat' dir='ltr'><strong>nem</strong></span> <span class='ocrx_word' id='word_1_384' title='bbox 772 4011 831 4045; x_wconf 85' lang='lat' dir='ltr'><strong>oon·</strong></span> <span class='ocrx_word' id='word_1_385' title='bbox 874 4001 950 4064; x_wconf 81' lang='lat' dir='ltr'><strong>tium,</strong></span> <span class='ocrx_word' id='word_1_386' title='bbox 960 4003 1109 4052; x_wconf 83' lang='lat' dir='ltr'><strong>Volsoernnr</strong></span> <span class='ocrx_word' id='word_1_387' title='bbox 1122 4021 1205 4071; x_wconf 78' lang='lat' dir='ltr'><strong>regen</strong></span> <span class='ocrx_word' id='word_1_388' title='bbox 1214 4009 1263 4076; x_wconf 89' lang='lat' dir='ltr'><strong>(de</strong></span> <span class='ocrx_word' id='word_1_389' title='bbox 1273 4013 1387 4075; x_wconf 80' lang='lat' dir='ltr'><strong>quoride</strong></span> 
     </span>
     <span class='ocr_line' id='line_1_41' title="bbox 314 4071 1387 4156; baseline 0.029 -44"><span class='ocrx_word' id='word_1_390' title='bbox 314 4073 377 4126; x_wconf 82' lang='lat' dir='ltr'><strong>stet,</strong></span> <span class='ocrx_word' id='word_1_391' title='bbox 390 4080 448 4113; x_wconf 76' lang='lat' dir='ltr'><strong>tum</strong></span> <span class='ocrx_word' id='word_1_392' title='bbox 458 4083 490 4116; x_wconf 79' lang='lat' dir='ltr'><strong>ex</strong></span> <span class='ocrx_word' id='word_1_393' title='bbox 501 4072 571 4135; x_wconf 85' lang='lat' dir='ltr'><strong>regio</strong></span> <span class='ocrx_word' id='word_1_394' title='bbox 581 4071 729 4124; x_wconf 72' lang='lat' dir='ltr'><strong>tonsorum</strong></span> <span class='ocrx_word' id='word_1_395' title='bbox 739 4090 831 4141; x_wconf 79' lang='lat' dir='ltr'><strong>genere</strong></span> <span class='ocrx_word' id='word_1_396' title='bbox 872 4080 926 4128; x_wconf 84' lang='lat' dir='ltr'><strong>Liv.</strong></span> <span class='ocrx_word' id='word_1_397' title='bbox 940 4085 978 4144; x_wconf 87' lang='lat'><strong>11,</strong></span> <span class='ocrx_word' id='word_1_398' title='bbox 995 4083 1126 4152; x_wconf 68' lang='lat' dir='ltr'><strong>st-to),</strong></span> <span class='ocrx_word' id='word_1_399' title='bbox 1139 4101 1209 4137; x_wconf 74' lang='lat' dir='ltr'><strong>sm</strong></span> <span class='ocrx_word' id='word_1_400' title='bbox 1219 4091 1333 4156; x_wconf 69' lang='lat' dir='ltr'><strong>genet·</strong></span> <span class='ocrx_word' id='word_1_401' title='bbox 1342 4109 1387 4142; x_wconf 75' lang='lat' dir='ltr'><strong>eo·</strong></span> 
     </span>
     <span class='ocr_line' id='line_1_42' title="bbox 316 4151 945 4219; baseline 0.032 -30"><span class='ocrx_word' id='word_1_402' title='bbox 316 4158 368 4191; x_wconf 86' lang='lat' dir='ltr'><strong>esse</strong></span> <span class='ocrx_word' id='word_1_403' title='bbox 390 4153 485 4206; x_wconf 84' lang='lat' dir='ltr'><strong>ortum,</strong></span> <span class='ocrx_word' id='word_1_404' title='bbox 505 4159 584 4198; x_wconf 75' lang='lat' dir='ltr'><strong>matre</strong></span> <span class='ocrx_word' id='word_1_405' title='bbox 604 4151 690 4202; x_wconf 85' lang='lat' dir='ltr'><strong>llelvie</strong></span> <span class='ocrx_word' id='word_1_406' title='bbox 712 4165 737 4203; x_wconf 91' lang='lat' dir='ltr'><strong>et</strong></span> <span class='ocrx_word' id='word_1_407' title='bbox 760 4167 829 4219; x_wconf 76' lang='lat' dir='ltr'><strong>petre</strong></span> <span class='ocrx_word' id='word_1_408' title='bbox 873 4160 945 4208; x_wconf 77' lang='lat' dir='ltr'><strong>ervit.</strong></span> 
     </span>
    </p>
   </div>
   <div class='ocr_carea' id='block_1_12' title="bbox 0 0 1566 4986">
    <p class='ocr_par' dir='ltr' id='par_1_14' title="bbox 0 0 1566 4986">
     <span class='ocr_line' id='line_1_43' title="bbox 0 0 1566 4986; baseline 0 0"><span class='ocrx_word' id='word_1_409' title='bbox 0 0 1566 4986; x_wconf 95' lang='lat' dir='ltr'><strong> </strong></span> 
     </span>
    </p>
   </div>
  </div>
 </body>
</html>
