3122 4986
333 409 400 488 oa>
611 409 1126 504 o.ru1v11ruvnanms

333 525 492 595 Inveniet
507 529 686 623 quisquam
701 528 897 600 sublimius?
911 553 1003 599 arma
1020 547 1133 600 tamen
1148 555 1208 600 vos

334 636 526 722 Nocturna,
544 653 579 705 et
595 638 745 709 flammas
762 635 918 708 domibus
934 637 1134 734 templisque
1149 639 1313 733 parastis,

336 745 385 813 Ut
398 747 638 817 Braccatorum
652 750 751 843 pueri
765 751 1007 843 Senonumque
1022 749 1187 836 minores,

332 853 537 948 Ausi,quod
552 854 651 926 liceat
664 858 778 927 tunica
791 859 913 952 punire
926 857 1084 928 molesta:
1359 867 1406 922 233

210 1019 217 1028 .
331 961 402 1032 Sed
415 963 534 1070 vigilat
547 966 666 1036 consul
679 966 888 1062 ,vexillaque
902 983 1013 1036 vestra
1027 983 1172 1038 coercet.

334 1076 401 1144 llic
416 1061 703 1173 novus'Arpinas‚
721 1079 892 1174 ignobilis,
907 1094 942 1149 et
954 1080 1056 1149 modo
1068 1082 1185 1150 Romae

336 1184 554 1281 Municipalis
569 1212 688 1282 eques,
705 1188 871 1284 galeatum
889 1189 986 1284 ponit
999 1187 1127 1282 ubique

335 1295 532 1366 Praesidium
548 1299 720 1385 attonitis,
735 1299 819 1367 etin
833 1299 926 1366 omni
940 1313 1040 1393 gente
1055 1297 1194 1367 laborat.

335 1407 482 1475 Tantum
499 1407 604 1500 igitur
621 1431 737 1476 muros
753 1411 843 1477 intra
857 1421 936 1501 toga
949 1405 1094 1476 contulit
1109 1406 1158 1476 illi
1356 1424 1410 1481 'sto

322 1516 493 1603 ,Nominis
507 1533 542 1585 et
557 1518 662 1604 tituli,
677 1534 842 1613 quantum
858 1544 928 1588 non
943 1518 1118 1604 Leucade,
1136 1530 1304 1612 quantum

333 1623 512 1694 Thessaliae
529 1628 656 1720 campis
672 1625 840 1697 Octavius
851 1628 989 1696 abstulit
1006 1628 1075 1696 udo

332 1734 489 1806 Caedibus
503 1737 641 1806 assiduis
656 1738 784 1832 gladio:
805 1737 863 1807 sed
881 1743 992 1807 Roma
1004 1751 1197 1832 parentem,

335 1849 446 1916 Roma
459 1861 591 1941 patrem
607 1849 722 1943 patriae
739 1849 941 1918 Ciceronem
956 1847 1064 1915 libera
1076 1847 1169 1914 dixit.

383 1954 530 2050 Arpinas
544 1954 628 2024 alius
640 1955 842 2048 Volscorum
860 1956 894 2023 in
909 1969 1029 2022 monte
1042 1954 1169 2024 solebat
1358 1969 1406 2030 aas

335 2067 480 2133 Poscere
492 2064 666 2134 mercedes
680 2063 789 2133 alieno
803 2064 905 2134 lassus
922 2080 1052 2150 aratr0;

336 2173 510 2245 Nodosam
524 2189 602 2267 post
617 2175 690 2243 haec
706 2173 883 2267 frangebat
897 2172 1023 2241 vertice
1037 2173 1158 2257 vitem,

334 2392 384 2449 ille
397 2393 511 2450 sceleris
524 2393 569 2450 tui
580 2393 726 2462 conscias,
743 2395 907 2471 Cethegus?
919 2396 980 2450 Vos
994 2405 1089 2451 tamen
1103 2393 1226 2467 sumptis
1241 2392 1274 2448 in
1285 2389 1402 2467 patriam

335 2483 437 2554 armis,
450 2484 557 2542 civium
569 2486 642 2542 aedes
654 2505 686 2542 ac
698 2485 820 2543 deornm
833 2487 937 2561 templa
948 2485 1098 2543 nocturnis
1114 2485 1226 2542 facibus
1236 2483 1401 2550 incendere,

335 2577 488 2632 Gallorum
504 2577 704 2634 braccatorum
718 2589 747 2634 et
761 2579 910 2635 Senonum
922 2579 1068 2654 exemplo,
1084 2577 1262 2636 tentavistis!
1279 2577 1402 2652 Dignum

336 2677 415 2724 certe
428 2667 538 2724 facinus
556 2669 637 2744 quod
654 2667 751 2725 tunica
765 2671 885 2726 molesta
898 2669 1129 2746 gravissimisque
1142 2668 1290 2744 suppliciis
1302 2670 1403 2726 merito

335 2758 521 2836 plecteretur.
535 2764 576 2818 At
588 2761 820 2839 vigilantissimus
841 2763 941 2819 consul
961 2763 1082 2820 nefarias
1098 2762 1239 2820 coitiones
1253 2771 1359 2819 vestras
1374 2773 1403 2817 et

335 2871 415 2909 arma
425 2852 513 2928 impia
523 2853 664 2929 reprimit.
678 2840 733 2910 Hic
746 2855 795 2911 ille
807 2854 897 2912 bomo
909 2873 1020 2924 novas,
1033 2864 1063 2910 et
1075 2855 1155 2910 nnlla
1167 2853 1311 2927 majoram
1320 2853 1405 2909 nobi-

335 2943 416 3002 litate
429 2957 587 3020 spectatus,
601 2946 742 3004 oriundus
755 2947 885 3024 Arpino‚
900 2959 929 3005 et
941 2948 973 3004 in
986 2959 1148 3024 equestrem
1162 2947 1298 3004 ordinem
1308 2966 1344 3004 ex
1354 2946 1403 3004 illo

334 3037 459 3114 ignobili
469 3040 642 3115 municipio,
658 3058 718 3097 uon
736 3041 775 3096 ita
786 3039 900 3116 pridem
913 3051 1041 3112 evectus,
1058 3039 1191 3115 praesidia
1203 3039 1329 3096 militnm
1343 3041 1405 3096 eol·

334 3127 412 3186 locat
426 3130 457 3186 in
471 3131 552 3187 omni
566 3131 647 3188 urbis
660 3143 742 3206 parte
757 3143 859 3189 contra
870 3145 982 3189 vestros
994 3133 1135 3207 impetus3
1152 3133 1288 3188 timorem
1305 3132 1406 3188 incutit

336 3221 494 3293 sceleratis3
513 3220 665 3279 confirmat
682 3223 807 3298 prob0s;
823 3224 1019 3299 auxiliumque
1032 3224 1070 3282 ad
1083 3223 1220 3280 tuendam
1232 3223 1351 3300 patriam
1365 3241 1405 3279 ex

336 3310 470 3370 omnibus
484 3315 599 3390 populis
612 3316 739 3373 accersit.
755 3317 953 3387 Quamobrem
964 3327 1072 3374 tantam
1084 3317 1116 3372 in
1127 3316 1245 3373 arbeae
1258 3335 1324 3391 pace
1335 3316 1404 3392 glo·

335 3405 409 3461 riam
420 3418 463 3462 cst
474 3419 681 3482 consequutus,
695 3419 831 3484 quantam
842 3408 963 3485 adeptus
974 3411 1120 3484 Augustus
1131 3427 1192 3464 non
1203 3407 1290 3464 estin
1302 3406 1406 3484 pugnis

336 3498 375 3555 ad
388 3498 506 3556 Actium
520 3509 569 3556 ant
580 3501 728 3576 Philippos
742 3499 915 3571 commissis,
932 3511 961 3558 et
971 3502 1106 3556 Romano
1117 3500 1256 3576 sanguine
1267 3511 1323 3556 tam
1333 3497 1407 3555 libe·

328 3592 436 3649 raliter
445 3592 545 3650 effuso.
553 3594 645 3650 Roma
658 3593 689 3649 in
701 3594 862 3651 libertatem
873 3593 1016 3650 vindicata
1023 3613 1076 3668 per
1084 3593 1212 3650 Tullium
1222 3593 1407 3665 Ciceronem,

336 3685 391 3760 ipsi
404 3689 573 3760 praeclarum
586 3686 676 3762 patris
692 3687 791 3762 patriae
805 3706 913 3744 nomen
928 3697 1009 3762 grata
1023 3686 1137 3743 detulit.

377 3777 445 3844 245.
466 3778 549 3836 Alter
572 3777 642 3834 civis
663 3778 811 3855 ¹egregius,
834 3797 870 3834 ex
895 3777 998 3834 eodem
1019 3787 1101 3834 ortus
1123 3777 1254 3853 Arpino,
1279 3777 1407 3834 alienam

337 3890 439 3948 agrum
449 3889 531 3927 arare
543 3869 675 3926 mercede
687 3872 847 3927 conductus
858 3867 888 3923 ia
903 3867 1078 3924 Volscorum
1088 3860 1237 3924 montibus
1249 3885 1411 3924 consueve-

338 3975 397 4033 rat,
413 3982 446 4018 ac
461 3963 536 4019 duro
551 3962 581 4017 in
592 3963 691 4018 labore
705 3961 828 4036 primam
841 3970 953 4017 aetntem
971 3958 1127 4036 transigere
1146 3981 1153 4016 ι
1172 3977 1242 4016 mox
1259 3961 1407 4034 amplexus

337 4051 486 4122 militiam,
503 4051 678 4109 exstruendo
694 4063 855 4110 castrorum
875 4052 953 4108 vallo
974 4071 1039 4108 cnm
1060 4050 1199 4128 gregariis
1207 4049 1354 4131 ⁸militibus
1374 4061 1408 4105 et

339 4141 427 4199 labris
439 4159 555 4215 operam
567 4162 687 4214 navans,
700 4145 854 4218 vapulabat
864 4162 881 4198 a
891 4143 1073 4213 centurione,
1088 4142 1212 4218 impacta
1224 4141 1306 4218 capiti
1317 4159 1334 4196 e
1345 4159 1410 4196 sar-
