3056 4984
470 411 657 476 SATIRA
680 411 853 476 SEXTA.
1129 415 1193 502 349

126 527 291 596 Constitit
306 521 448 611 auiatis,
463 523 598 593 titulum
612 525 755 594 mentita
767 525 931 618 Lyciscae,

126 636 357 730 Ostenditque
374 628 485 721 tuum,
502 657 667 727 generose
682 637 895 723 Britannice,
909 651 1073 708 ventrem.

123 751 268 843 Excepit
286 747 409 816 blanda
424 748 608 833 intrantes,
624 761 725 841 atque
742 771 807 816 aera
824 748 995 842 poposcit,
1149 764 1196 818 ηε

125 861 170 926 Et
186 858 347 952 resupina
360 858 478 951 jacens
494 854 677 924 multorum
694 857 870 926 absorbuit
886 857 984 926 ictus.

127 969 226 1054 Mox,
244 965 369 1037 lenone
385 990 462 1036 suas
473 965 542 1058 jam
558 965 749 1036 dimittente
768 966 912 1061 puellas,

126 1075 248 1144 Tristis
264 1075 351 1161 ablt3
367 1091 419 1161 et,
437 1074 527 1168 quod
546 1075 673 1168 potuit,
694 1089 806 1143 tamen
822 1073 939 1143 ultima
955 1075 1072 1146 cellam

126 1183 271 1266 Clausit,
289 1185 399 1253 adhuc
415 1183 538 1253 ardens
555 1183 669 1277 rigidae
686 1184 853 1278 tentigine
868 1184 996 1271 vulvae,

126 1295 170 1362 Et
187 1293 306 1361 lassata
321 1291 419 1379 viris,
439 1293 583 1362 necdum
600 1294 718 1382 satiata
736 1295 894 1364 recessit:
1149 1310 1198 1366 130

127 1404 357 1497 Obscurisque
373 1404 467 1497 genis
484 1403 614 1496 turpis,
630 1402 793 1496 fumoque
810 1403 955 1473 lucernae

127 1511 232 1580 Foeda
247 1512 416 1606 lupanaris
433 1512 510 1582 tulit
525 1511 567 1580 ad
586 1511 741 1606 pulvinar
757 1511 907 1581 odorem.

175 1623 427 1716 Hippomanes,
438 1645 643 1716 carmenque
654 1621 787 1715 loquar,
800 1636 1003 1715 coctumque
1012 1645 1198 1712 venenum,

127 1731 357 1826 Privignoque
373 1731 511 1801 datum?
523 1731 654 1802 faciunt
672 1730 825 1825 graviora
842 1746 966 1800 coa-ctae

126 1842 279 1935 Imperio
294 1865 410 1927 sexus,
429 1842 674 1935 minimumque
691 1839 830 1909 libidine
843 1856 996 1934 peccant.
1151 1857 1198 1910 135

110 1949 112 1954 ’
174 1953 316 2046 Optima
330 1951 390 2022 sed
405 1977 508 2046 quare
521 1939 708 2037 Cesennia,
726 1965 814 2020 teste
832 1951 973 2020 marito?

128 2058 184 2129 Bis
201 2062 389 2156 quingenta
404 2061 513 2148 dedit;
531 2062 616 2130 tanti
630 2077 729 2131 vocat
747 2061 803 2132 ille
816 2061 987 2156 pudicam,

128 2171 203 2241 Nec
219 2171 366 2241 Veneris
385 2171 554 2265 pharetris
572 2193 685 2240 macer
698 2185 769 2256 est,
785 2187 843 2240 aut
858 2170 1012 2265 lampade
1028 2171 1139 2244 fervet
1153 2201 1163 2241 ε

129 2413 163 2450 ex
179 2405 268 2468 pacto
281 2414 416 2466 vacuam,
436 2407 523 2470 atque
538 2396 593 2452 sihi
608 2395 766 2470 propriam.
784 2397 865 2452 Tune
886 2395 1059 2453 exteriorem
1078 2396 1199 2472 Lyciscae

129 2486 250 2542 mentita
269 2485 505 2561 inscriptionem,
526 2499 555 2543 et
576 2486 695 2561 papillas
709 2505 781 2544 auro
800 2497 913 2544 ornatas
932 2488 1101 2559 ostendens,
1124 2490 1201 2545 intus

130 2579 209 2635 nuda
227 2579 371 2653 prostitit,
393 2579 582 2654 exposuitque
595 2591 730 2650 uterum,
744 2581 780 2636 in
795 2600 854 2654 quo
874 2593 907 2636 tu
923 2593 1094 2657 conceptus,
1117 2595 1145 2641 et
1165 2603 1201 2640 ex

130 2691 189 2746 qno
207 2682 292 2727 natus
313 2690 359 2741 es,
379 2691 397 2726 ο
415 2690 553 2747 generose
574 2671 737 2728 Britannice
761 2695 768 2728 :
793 2673 906 2730 blandis
928 2674 1048 2730 vocibus
1071 2686 1100 2730 et
1118 2675 1201 2734 vultu

129 2764 243 2838 excepit
261 2763 416 2833 intrantes,
434 2764 602 2820 munuscula
612 2764 675 2819 aeris
687 2763 820 2838 rogavit,
838 2775 867 2819 et
876 2763 972 2836 jacens
983 2765 1116 2840 resupina
1128 2768 1202 2820 mul-

130 2867 228 2911 tornm
240 2856 380 2930 repetitos
390 2855 464 2911 ictus
475 2874 528 2930 per
538 2844 628 2912 totam
638 2865 754 2911 noctem
765 2855 924 2911 absorbuit.
942 2859 1014 2912 Mox
1028 2876 1117 2932 quum
1134 2860 1201 2916 leno

129 2947 186 3021 jam
196 2967 263 3004 snas
271 2945 437 3004 meretrices
449 2947 625 3016 dimitteret,
636 2956 735 3002 moesta
743 2945 880 3014 discedit;
891 2965 1005 3017 verum,
1016 2949 1097 3023 quod
1107 2948 1201 3019 licuit,

130 3041 231 3096 cellam
244 3040 387 3096 conclusit
398 3051 557 3114 postrema,
572 3039 666 3095 adhuc
676 3038 780 3094 ardens
791 3037 890 3112 rigidae
902 3039 995 3095 vulvae
1007 3041 1161 3118 tentigine,
1173 3054 1202 3098 et

132 3133 248 3189 tandem
258 3133 330 3188 abiit
341 3132 474 3188 virorum
487 3131 639 3188 assultibus
650 3128 787 3204 fatigata,
804 3128 926 3185 sednon
937 3131 1053 3188 satiata:
1070 3143 1138 3190 tunc
1152 3135 1201 3190 de-

131 3233 250 3300 turpato
265 3234 295 3279 et
306 3235 451 3278 marcente
462 3223 545 3278 vultu
556 3221 628 3278 sceda
640 3261 648 3290 ,
661 3219 858 3294 lampadisque
869 3233 1010 3278 nocturna
1022 3224 1141 3300 fuligine
1156 3227 1203 3282 in-

131 3317 203 3374 lecta
212 3318 348 3372 soetorem
357 3315 500 3389 lupanaris
510 3315 547 3370 ad
555 3331 633 3369 sacra
643 3311 821 3386 imperatorii
833 3311 899 3368 lecti
907 3311 1068 3386 pulvinaria
1075 3317 1201 3388 pertulit.

173 3410 241 3466 133.
259 3406 430 3464 Referamne
444 3407 653 3481 Hippomanes,
666 3413 695 3458 et
707 3404 931 3472 incantamenta,
944 3415 1114 3479 coctumque
1124 3407 1203 3462 virus

132 3501 212 3576 qnod
231 3498 373 3575 privignis
389 3497 574 3572 propinatum
590 3495 659 3551 dant
676 3492 832 3550 mulieres?
852 3495 922 3551 dum
941 3496 1069 3552 serviunt
1086 3509 1200 3571 parent-

132 3611 189 3668 que
202 3611 256 3648 suo
269 3590 368 3660 sexui,
385 3601 446 3646 tum
459 3589 592 3666 graviora
605 3596 773 3663 perpetrant
784 3588 906 3657 scelera,
919 3587 1127 3663 minimumque
1138 3609 1201 3662 pec-

133 3695 198 3740 cant
216 3681 395 3738 libidinibus.

175 3775 241 3831 136.
263 3775 322 3830 Sed
337 3791 426 3847 quare
440 3772 576 3846 optimam
592 3792 651 3830 esse
668 3791 789 3830 uxorem
807 3791 885 3829 snam
900 3775 1068 3830 Cesenniam
1085 3783 1204 3831 testatur

133 3867 274 3924 maritus?
292 3867 361 3941 quia
375 3866 453 3923 mille
466 3867 611 3937 sestertia,
625 3868 721 3925 dotem
736 3867 858 3940 amplam
874 3866 921 3922 illa
938 3867 1002 3922 viro
1018 3866 1114 3922 attulit
1126 3887 1133 3921 :
1147 3866 1204 3923 hoc

132 3960 228 4035 pretio
245 3959 380 4034 pudicam
397 3959 538 4033 appellat3
558 3957 626 4014 inde
642 3959 719 4016 illam
739 3957 848 4034 diligit,
866 3977 959 4032 neque
979 3977 1105 4015 amorem
1124 3971 1173 4015 aut
1188 3979 1205 4015 a

133 4053 242 4109 lacibus
258 4051 398 4118 Veneris,
416 4063 491 4106 outa
504 4051 652 4126 Cupidinis
669 4051 749 4120 telis,
765 4051 870 4124 quibus
881 4051 982 4106 ardere
994 4061 1023 4106 et
1033 4070 1205 4108 macrescere

133 4145 226 4200 solent
240 4153 398 4211 amatores,
414 4142 526 4211 hausit3
543 4142 593 4198 sed
610 4143 646 4199 ab
666 4145 810 4201 luculenta
827 4142 905 4199 dote.
926 4143 989 4198 Hoc
1007 4143 1101 4217 pretio
1117 4144 1205 4220 ipsius
