3130 4986
492 413 680 478 SAleA
708 413 912 478 TERTIA.
1177 417 1239 503 ¹59
1310 427 1320 461 ¹

165 526 280 613 Dives,
297 542 333 596 et
353 528 488 624 ingenti
506 543 621 597 curret
635 551 739 622 super
755 551 814 596 ora
829 526 1000 614 Liburno,
1128 611 1133 622 .
1187 551 1238 608 240

166 640 269 730 Atque
284 639 401 708 obiter
420 638 529 734 leget,
546 653 605 708 aut
621 639 764 723 scribet,
784 636 837 705 vel
858 637 1003 706 dormiet
1017 635 1131 706 intus:

166 749 317 843 Namque
338 748 424 818 facit
442 773 598 818 somnum
619 747 736 817 clausas
746 746 868 814 lectica
885 745 1043 815 fenestra.

167 859 249 925 Ante
267 871 383 927 tamen
400 859 541 927 veniet:
559 858 656 927 nobis
676 855 938 950 properantibus
956 857 1067 926 obstat
1124 889 1127 898 «

169 964 263 1033 Unda
280 967 377 1060 prior
394 993 401 1034 :
421 990 545 1062 magno
562 965 708 1060 populus
724 965 849 1058 premit
864 963 998 1059 agmine
1018 964 1166 1051 lumbos,

167 1075 231 1163 Qui
246 1077 404 1169 sequitur
419 1102 427 1143 ε
445 1075 526 1144 ferit
542 1075 598 1145 hic
616 1075 747 1160 cubito,
765 1073 845 1142 ferit
863 1099 972 1142 assere
990 1075 1076 1143 duro
1189 1091 1239 1154 245

168 1161 276 1270 blter3
296 1201 331 1253 at
347 1185 404 1254 hic
421 1186 553 1280 tignum
573 1184 677 1278 capiti
697 1185 835 1268 incutit,
852 1183 908 1252 ille
924 1198 1112 1252 metretam.

169 1293 306 1382 Pinguia
326 1319 426 1363 crura
445 1294 536 1382 luto;
555 1292 668 1388 planta
682 1317 762 1362 mox
779 1291 929 1387 undique
948 1317 1072 1388 magna

168 1403 300 1488 Calcor,
316 1419 351 1473 et
367 1405 402 1473 in
419 1406 526 1501 digito
546 1404 659 1474 clavus
675 1403 757 1474 mihi
776 1391 1023 1474 militis‘haeret.

212 1543 229 1578 a
242 1517 368 1584 Nonne
385 1514 496 1600 vides,
515 1529 642 1608 quanto
658 1514 850 1586 celebretur
868 1513 1018 1608 sportula
1037 1514 1154 1584 lumoi’

166 1624 311 1691 Centum
329 1623 480 1692 convive
497 1650 505 1692 :
523 1624 675 1717 sequitur
691 1647 751 1692 sua
766 1647 935 1717 quemque
953 1622 1076 1692 culina.
1187 1642 1239 1692 250

167 1730 313 1800 Corbulo
331 1733 386 1800 vix
405 1731 512 1802 ferret
529 1748 579 1802 tot
593 1757 671 1803 vasa
688 1733 859 1827 ingentia,
876 1746 928 1800 tot
945 1755 997 1800 res

167 1841 342 1934 Impositas
360 1842 483 1936 capiti,
501 1867 582 1936 quas
599 1857 694 1911 recto
712 1843 840 1911 vertice
859 1856 972 1936 portat

166 1949 325 2020 Servulus
342 1951 478 2038 infelix,
495 1966 530 2020 et
545 1975 648 2021 cursu
665 1950 805 2019 ventilat
825 1953 950 2045 ignem.

165 2059 374 2128 Scinduntur
390 2062 514 2130 tunicae
533 2077 628 2132 sartae
647 2087 654 2129 :
674 2060 777 2129 modo
795 2062 896 2156 longa
912 2074 1067 2130 coruscat

166 2287 194 2342 Si
206 2288 289 2344 dives
306 2289 397 2344 domo
411 2289 527 2363 prodit,
544 2287 633 2345 officii
645 2290 765 2362 alicujus
776 2308 888 2359 caussa,
903 2309 920 2343 a
933 2289 1062 2362 proceris
1076 2309 1091 2345 e
1103 2289 1242 2346 Liburnia

164 2379 252 2436 serris
264 2381 426 2454 gestabitur
437 2381 469 2452 in
479 2381 578 2436 lectica
588 2399 673 2455 sopra
685 2381 777 2456 capita
790 2381 914 2448 civium,
928 2381 978 2454 qui
990 2380 1065 2436 uiam
1076 2381 1131 2456 ipsi
1142 2393 1242 2456 paten-

166 2483 219 2528 tem
242 2474 369 2543 dabunt,
388 2474 547 2530 accedent.
569 2477 631 2548 lpse
650 2476 681 2530 in
694 2475 791 2532 lectica
812 2474 989 2549 compositus
1005 2475 1081 2551 leget
1092 2476 1241 2551 quidpiam

164 2567 236 2620 inter
248 2565 398 2637 mudum,
410 2579 462 2622 aut
475 2567 598 2636 scribet,
611 2569 657 2622 vel
670 2567 755 2624 etiam
769 2567 895 2638 dormiet
906 2587 913 2622 :
929 2567 1036 2642 quippe
1052 2569 1151 2636 lectica
1162 2588 1242 2624 sorn-

163 2676 228 2712 unm
241 2660 378 2728 arcessit,
391 2657 415 2714 si
427 2658 488 2732 ejus
500 2658 631 2714 fenestrae
642 2659 829 2726 claudantur3
846 2659 1012 2732 etquamvis
1023 2679 1055 2716 ea
1066 2661 1146 2718 lento
1158 2671 1241 2718 motu

164 2749 303 2825 progredi
323 2750 430 2818 soleat,
453 2749 533 2824 prius
555 2760 668 2819 tamen,
686 2769 772 2824 quam
798 2768 868 2818 nos,
888 2751 1039 2824 perveniet
1059 2751 1192 2809 eumdem
1210 2752 1241 2808 in
1359 2815 1365 2822 ·

164 2843 256 2896 locum
273 2841 376 2910 dives3
401 2841 469 2916 quia
486 2841 557 2896 dum
577 2841 607 2896 in
620 2841 686 2896 uico
701 2841 914 2897 transeuntibus
930 2841 1038 2898 referto
1054 2844 1220 2900 festinamus
1229 2885 1239 2914 ,

163 2933 337 3002 multitudo,
351 2935 433 2989 velut
447 2933 526 2989 unda
540 2933 691 3006 reciproco
710 2930 800 2988 fluctu
822 2943 959 3004 aestuans,
980 2936 1004 2990 si
1027 2935 1158 2992 anterior
1178 2946 1239 3006 est,

163 3044 214 3082 nos
226 3037 381 3095 moratum
397 3026 422 3081 si
434 3025 592 3098 posterior,
607 3023 715 3098 premit
725 3035 887 3100 urgetque:
906 3025 978 3082 alius
996 3045 1042 3082 me
1056 3026 1156 3082 cubito
1168 3045 1240 3102 per-

163 3119 244 3186 cutit,
265 3118 346 3172 alius
368 3118 466 3193 rigido
488 3135 598 3174 assere:
619 3116 666 3172 bic
683 3117 765 3172 trabe
784 3117 852 3174 terit
866 3129 971 3193 caput3
987 3119 1036 3175 ille
1050 3120 1161 3195 ingenti
1178 3140 1240 3176 am-

163 3211 256 3284 pbora.
286 3213 367 3266 Luto
384 3209 487 3266 inlecta
503 3207 624 3264 sordent
637 3207 710 3262 mibi
726 3225 828 3278 crura,
848 3210 952 3284 pedem
966 3212 1039 3284 pede
1053 3213 1143 3270 calcat
1158 3213 1240 3269 miles
1333 3257 1336 3264 .

161 3303 273 3360 indutus
288 3298 291 3302 ’
304 3302 412 3376 caliga,
438 3320 500 3376 quae
522 3300 622 3357 ferreis
642 3299 730 3356 clavis
750 3299 879 3376 undique
899 3301 1091 3372 inhorrescit,
1113 3321 1240 3378 quorum
1264 3327 1277 3334 ·

162 3415 230 3452 uuus
243 3396 343 3450 baeret
355 3393 427 3450 mibi
442 3394 473 3450 iu
488 3393 570 3468 pedis
587 3391 687 3468 digito.

198 3499 264 3565 ²49·
277 3513 296 3538 ιι
305 3487 450 3562 intelligis
461 3487 517 3543 boc
523 3485 603 3542 fumo
614 3496 643 3542 et
653 3484 789 3558 pulvere,
798 3501 885 3558 quem
894 3483 990 3554 vides,
1001 3496 1035 3542 ut
1047 3505 1119 3560 opus
1131 3484 1239 3556 fervet,

163 3601 248 3656 quum
268 3581 437 3656 sportulam
453 3579 570 3634 clientes
588 3579 708 3634 domum
726 3577 899 3651 reportant?
915 3579 1059 3636 Centenos
1074 3579 1172 3636 licebit
1188 3579 1240 3634 ali-

162 3674 277 3746 quando
293 3689 469 3739 numerare,
489 3689 562 3746 quos
578 3671 706 3746 singulos
722 3667 861 3724 culinaria
877 3687 927 3723 sua
940 3670 1067 3743 supellex
1086 3669 1240 3744 seqnitur?

162 3764 214 3820 Vix
232 3765 297 3839 ipse
317 3763 451 3819 Corbulo
472 3781 525 3836 par
547 3773 619 3819 essct
638 3760 788 3834 portandis
809 3769 854 3815 tot
874 3759 1040 3835 ingentibus
1055 3762 1130 3817 vasis
1153 3762 1240 3836 capiti

160 3855 320 3930 impositis,
338 3865 413 3930 quot
433 3865 527 3910 erecta
545 3854 656 3911 cervice
671 3864 762 3930 gestat
778 3851 915 3907 miserum
933 3853 1128 3926 mancipium,
1146 3871 1237 3926 aquo

160 3958 295 4002 currente
306 3945 385 4022 ignis
393 3945 551 4002 ventilatur
559 3946 590 4000 in
599 3945 697 4005 foculo
709 3963 795 4019 quem
806 3953 906 4020 gestat.
918 3943 1010 4016 Ipsius
1019 3943 1136 4002 interim
1145 3954 1238 4002 restes

162 4039 257 4112 paullo
282 4049 354 4096 ante
380 4037 462 4094 domi
481 4039 518 4093 ab
539 4038 642 4094 eodem
663 4047 789 4094 cnrrsutu¹
804 4046 833 4092 et
850 4035 981 4105 relectae,
1002 4036 1170 4110 properanti
1186 4055 1239 4111 per

162 4129 257 4184 virum
272 4129 414 4186 curribus
430 4128 601 4204 impeditum
613 4129 794 4198 scinduntur,
811 4127 882 4183 dam
895 4126 1030 4201 imposita
1042 4129 1145 4204 grandi
1160 4128 1239 4184 vebi-
