3056 4984
467 456 856 523 sarteasnxrn.
1129 457 1192 545 379

132 573 281 646 Nutricis
297 567 443 643 tolerant
456 570 593 640 fortuna
607 586 750 665 urgente
766 571 917 658 labores3

130 683 193 753 Sed
205 684 299 777 jacet
314 697 430 751 aurato
445 683 501 751 vix
515 679 583 750 ulla
598 705 764 777 puerpera
778 680 875 750 lecto.

130 795 275 862 Tantum
293 807 380 862 artes
396 791 515 886 hujus,
532 806 663 861 tantum
678 789 902 859 medicamina
917 800 1072 884 possunt,
1140 802 1190 872 595

129 901 211 990 Quae
226 899 358 972 steriles
373 899 470 989 facit,
486 915 586 997 atque
599 901 755 970 homines
770 900 805 968 in
818 913 937 968 ventre
953 897 1120 968 necandos

129 1009 313 1082 conducit!
332 1011 466 1098 Gaude,
484 1011 618 1097 infelix,
633 1026 734 1106 atque
751 1009 823 1104 ipse
838 1007 1020 1078 bibendum

130 1121 287 1217 Porrige,
303 1121 470 1217 quidquid
483 1123 548 1190 erit
563 1148 571 1190 :
584 1144 661 1189 nam
678 1119 706 1188 si
720 1117 911 1188 distendere
926 1117 1027 1188 vellet

129 1233 171 1300 Et
186 1255 310 1301 vexare
325 1246 460 1302 uterum
474 1233 587 1327 pueris
600 1229 811 1315 salientibus,
825 1251 913 1297 esses

130 1341 298 1435 AEthiopis
314 1339 453 1411 fortasse
469 1356 580 1437 pater3
596 1365 673 1409 mox
689 1338 825 1408 deoolor
840 1339 938 1408 heres
1142 1352 1194 1402 σω

130 1448 293 1544 Impleret
309 1449 454 1538 tabulas,
470 1473 643 1544 nunquam
661 1449 725 1518 tibi
741 1465 838 1518 mane
854 1446 1029 1517 videndus.
1064 1443 1066 1446 ’

176 1561 327 1628 Transeo
343 1560 551 1655 suppositos,
569 1574 604 1628 et
620 1559 742 1655 gaudia
755 1575 901 1655 votaque
916 1582 1004 1653 saepe

130 1668 182 1739 td
198 1695 338 1764 spurcos
353 1669 495 1765 decepta
510 1669 617 1757 lacus,
634 1683 734 1765 atque
750 1669 828 1739 inde
844 1669 966 1764 petitos

131 1780 326 1868 Pontifices,
342 1779 464 1865 Salios,
480 1783 682 1851 Scaurorum
698 1780 833 1848 nomina
849 1778 933 1847 falso
1287 1862 1296 1872 ¹

131 1891 283 1986 Corpore
297 1889 432 1959 laturos.
449 1892 523 1960 Stat
535 1893 685 1960 Fortuna
699 1888 852 1984 improba
867 1901 988 1970 noctu,
1144 1892 1197 1947 ⁶0⁵

133 1998 295 2068 Arridens
312 1998 410 2068 nudis
424 1998 609 2078 infantibus
626 2026 634 2068 :
652 2000 713 2069 hos
727 1998 821 2068 fovet
836 2017 972 2080 omnes,

132 2107 345 2202 Involvitque
360 2108 457 2179 sinu:
473 2107 626 2177 domibus
642 2124 724 2177 tunc
737 2106 881 2202 porrigit
895 2104 1000 2191 altis,

131 2347 224 2404 laetias
242 2347 464 2406 nutriendorum
475 2348 627 2406 Mantium
639 2349 798 2426 suscipiunt
813 2346 911 2423 iuopia
925 2353 1029 2402 coactae
1042 2364 1049 2399 ε
1066 2353 1097 2398 at
1111 2339 1198 2402 nobi·

131 2438 187 2496 lem
197 2437 334 2496 feminam
343 2451 373 2498 et
383 2439 520 2512 divitem,
535 2459 599 2515 qnae
609 2440 694 2498 foetus
706 2440 791 2498 vivos
804 2441 834 2495 in
847 2439 940 2508 lucem
952 2435 1033 2504 edat,
1046 2433 1096 2489 rix
1110 2433 1199 2524 ullam

130 2533 271 2608 jacentem
284 2536 316 2592 in
329 2553 416 2592 aureo
430 2537 525 2607 lecto,
540 2534 592 2591 ubi
606 2553 706 2593 revera
717 2535 876 2612 pepererit,
886 2530 1022 2589 invenies.
1034 2527 1117 2586 Adeo
1128 2546 1200 2602 prae·

131 2625 221 2683 sentia
238 2639 306 2685 sunt
322 2625 513 2685 veneficarum
532 2627 704 2703 pharmaca,
730 2644 793 2702 qua
818 2635 868 2682 aut
889 2622 1066 2682 sterilitatem
1087 2619 1200 2677 leminis

132 2718 305 2790 conciliant,
326 2730 374 2776 ant
390 2737 492 2776 eorum
507 2717 615 2776 liberos
627 2717 659 2775 in
675 2719 740 2776 alvo
751 2729 880 2776 materna
891 2713 1104 2773 interficiendos
1118 2721 1201 2791 pacta

132 2811 263 2869 mercede
274 2811 448 2888 suscipiunt!
464 2814 511 2870 Tu
527 2830 615 2883 vero,
632 2812 732 2870 infelix
748 2811 868 2882 marite,
891 2819 986 2866 actum
1005 2807 1141 2882 praeclare
1157 2814 1201 2860 te-

133 2924 197 2961 enm
215 2917 302 2980 puta,
322 2916 351 2963 et
369 2907 576 2982 qualecumque
595 2906 632 2962 sit
651 2907 809 2981 poculum,
829 2902 909 2979 quod
928 2901 1062 2957 abortum
1079 2897 1202 2967 inseret,

131 2995 250 3073 porrige
263 2996 351 3054 uxori
364 3009 420 3054 tua
440 3019 447 3054 :
474 2989 598 3054 sienim
617 2995 732 3072 impleri
751 2996 847 3052 alvum
863 2993 933 3051 loetn
950 3001 1064 3047 maturo
1085 2999 1200 3063 patere-

133 3099 195 3157 tur,
216 3098 391 3164 uterumque
410 3089 568 3146 distensum
589 3087 687 3163 pueris
707 3087 873 3145 salientibus
891 3101 996 3141 vexare
1016 3082 1124 3152 vellet,
1150 3098 1203 3155 pa-

132 3187 209 3234 reret
229 3178 283 3234 tibi
301 3179 421 3236 tortasse
444 3179 611 3254 AEtbiopem
634 3201 642 3234 :
669 3190 699 3235 et
719 3178 855 3236 deformis
879 3176 988 3244 inians,
1010 3191 1097 3249 quern
1117 3189 1202 3228 mane

132 3268 253 3326 obvium
262 3270 385 3344 habere,
396 3283 531 3346 tanquam
544 3289 630 3327 omen
643 3269 810 3340 sinistrum,
823 3268 928 3338 nolles,
940 3265 994 3322 tibi
1005 3265 1202 3322 demonstrato

132 3363 208 3438 patei
222 3363 392 3420 scribendus
407 3365 490 3420 heres
503 3363 535 3420 in
548 3373 717 3421 testamento
730 3361 815 3418 toret.

170 3455 240 3511 602.
261 3454 339 3513 Sileo
356 3467 455 3531 partus
472 3454 689 3532 supposititios3
709 3470 770 3510 non
783 3451 849 3508 dico
863 3467 948 3525 quam
972 3465 1046 3523 saepe
1065 3444 1200 3503 mulieres

132 3564 187 3624 pro
205 3546 335 3623 legitimo
354 3546 435 3619 filio,
457 3565 544 3623 quem
562 3548 689 3623 ipsarum
702 3544 759 3601 riri
772 3553 871 3600 natum
887 3542 941 3598 sibi
957 3552 986 3596 et
1001 3539 1156 3614 optabant,
1170 3545 1201 3592 et

134 3637 308 3713 gaudebant,
328 3639 458 3714 spurium
469 3639 570 3697 foetum
587 3657 603 3696 e
617 3621 680 3695 lacu
693 3633 863 3693 Velabrensi
875 3633 1027 3690 immundo
1041 3629 1202 3704 accipiant,

134 3747 270 3805 spemque
286 3732 458 3789 maritorum
477 3742 507 3788 et
519 3743 587 3788 vota
604 3729 729 3805 turpiter
742 3727 898 3784 deludant:
917 3745 953 3784 ex
970 3727 1027 3782 hoc
1046 3724 1109 3779 lacu
1127 3739 1204 3801 saepe

135 3832 317 3879 assumuntur
333 3821 455 3880 infantes
470 3823 571 3894 nothi,
587 3822 657 3898 qui,
673 3839 763 3896 quum
776 3819 971 3888 adoleverint,
986 3818 1017 3872 in
1030 3811 1203 3890 pontificum

137 3914 278 3972 Saliorum
290 3915 443 3992 collegium
454 3916 646 3991 adoptentur,
659 3922 688 3970 et
700 3916 874 3971 Scaurorum
884 3909 1000 3967 nomina
1011 3905 1087 3962 salsis
1098 3923 1202 3981 corpo-

136 4005 216 4064 ribus
230 4018 341 4083 gerant.
361 4007 452 4064 Adest
467 4025 521 4084 per
536 4017 653 4062 noctem
671 4006 801 4062 Fortuna
820 4021 906 4073 caca,
932 4000 1066 4076 projectis
1084 3998 1201 4055 insenti-
1308 4079 1313 4084 Ι

137 4098 189 4154 bns
201 4099 367 4168 blandiens,
388 4117 437 4158 eos
458 4098 660 4176 complectitur
672 4096 800 4174 gremio,
820 4094 962 4152 nobilium
982 4093 1013 4147 in
1033 4092 1135 4149 domos
1156 4091 1202 4147 in-

138 4189 283 4264 troducit,
301 4192 480 4268 adornatque
497 4202 621 4252 secretos
638 4190 784 4248 comaediae
802 4200 932 4263 actores,
947 4185 1026 4244 uude
1039 4185 1095 4242 sibi
1111 4185 1200 4242 risum
