3122 4986
504 395 962 470 ss'rnmocrsvs.¹
1175 409 1240 495 627

178 508 286 597 Civis,
306 524 340 578 et
356 510 511 607 egregius
527 513 644 606 patrias
659 511 826 606 contingis
842 512 966 582 ovanti.
989 595 992 603 Ι

176 618 371 690 Exclamare
386 620 485 708 libet,
499 622 644 717 populus
659 623 750 717 quod
766 623 903 710 clamat,
918 624 1010 694 Osiri

177 733 343 799 ln'vento:
364 732 438 826 quis
452 732 542 800 enim
560 757 760 826 generosum
775 733 898 808 dixerit
910 735 1020 820 hunc,
1036 737 1092 830 qui
1209 755 1243 807 so

177 837 341 932 Indignus
357 863 499 933 genere,
515 856 550 910 et
564 840 727 935 preclaro
741 842 878 912 nomine
893 857 1025 912 tantum

177 948 345 1043 Insignis?
359 951 496 1020 Nanum
512 951 686 1044 cujusdam
701 952 838 1022 Atlanta
852 977 1026 1040 vocamus,

177 1058 372 1154 AEthiopem
388 1085 548 1154 cycnum,
562 1085 700 1155 pravam
717 1077 950 1156 extortamque
967 1064 1112 1158 puellam

177 1171 356 1263 Europen3
371 1169 510 1238 canibus
524 1171 643 1264 pigris,
658 1170 835 1262 scabicque
849 1185 982 1240 vetusta

178 1279 343 1364 Levibus,
360 1294 395 1348 et
411 1280 506 1348 s'iccae
525 1277 754 1350 lambentibus
768 1303 828 1346 ora
843 1278 1002 1366 lucernae,
1146 1279 1148 1284 ’
1215 1300 1247 1352 35

179 1389 314 1458 Nomen
330 1389 395 1457 erit
409 1389 549 1483 pardus,
564 1389 678 1482 tigris,
693 1388 759 1474 leo,
774 1388 801 1455 si
815 1388 897 1480 quid
912 1389 1022 1470 adhuc
1036 1406 1101 1476 est,

177 1498 280 1586 Quod
295 1499 420 1569 fremat
436 1501 471 1568 in
487 1500 586 1588 terris
601 1497 791 1567 violentius.
808 1500 899 1590 Ergo
915 1499 1048 1570 cavebis
1131 1565 1135 1573 ,
1159 1539 1168 1554 =

67 1589 74 1602 ⁶
176 1610 221 1678 Et
237 1624 384 1694 metues,
400 1633 443 1677 ne
462 1623 499 1677 tu
515 1607 559 1678 sis
574 1609 745 1692 Creticus,
762 1622 821 1675 aut
834 1609 1043 1690 Camerinus.

225 1717 288 1786 His
305 1742 368 1812 ego
382 1743 484 1812 quem
501 1715 637 1786 monui?
650 1732 763 1786 tecum
779 1730 830 1786 est
843 1717 929 1788 mihi
942 1743 1070 1807 sermo,
1088 1719 1222 1791 Rubelli
1321 1803 1328 1810 .

59 1923 67 1932 ι
176 1825 317 1928 Blande:
335 1841 444 1896 tumes
459 1827 527 1896 alto
543 1829 733 1896 Drusorum
748 1841 940 1913 stemmate,
957 1843 1116 1922 tanquam
1214 1849 1248 1906 40

176 1938 309 2008 Fcceris
321 1937 391 2032 ipse
408 1937 550 2032 aliquid,
566 1927 707 2031 propter
723 1939 816 2030 quod
829 1938 950 2008 nobilis
966 1963 1065 2014 esses.

176 2049 226 2116 Ut
243 2063 275 2116 te
292 2049 505 2143 conciperet,
521 2072 596 2141 quae
611 2047 775 2140 sanguine
789 2045 900 2141 fulget
914 2045 997 2132 Iuli,

175 2159 256 2228 Non
275 2183 350 2252 quae
367 2172 509 2226 ventoso
525 2155 693 2224 conducta
709 2157 771 2224 sub
789 2179 911 2250 aggere
927 2157 1022 2225 texit.

173 2379 299 2435 cumque
310 2360 426 2417 demum
439 2357 602 2430 honorifico
616 2358 734 2415 nomine
749 2356 887 2432 appellari
898 2357 1040 2415 malueris.
1058 2359 1248 2433 Quacumque

173 2452 291 2509 tandem
301 2469 317 2507 e
328 2451 418 2526 stirpe
431 2451 468 2508 sis
482 2462 665 2526 procreatus,
681 2450 769 2508 hebet
781 2450 871 2524 patria
887 2461 950 2520 tua,
967 2449 1048 2525 quod
1063 2447 1092 2506 tc
1107 2450 1144 2506 ad
1159 2451 1250 2507 felici-

175 2552 265 2600 tatem
276 2543 419 2617 publicam
437 2543 546 2600 editum
558 2542 704 2618 praestanti
716 2542 825 2598 virtute
836 2543 928 2599 civem
942 2553 971 2599 et
982 2561 1079 2599 ranam
1089 2542 1166 2600 bisce
1178 2554 1266 2600 tem-.

173 2633 311 2708 poribus,
323 2636 499 2710 gratuletur3
510 2653 606 2710 neque
616 2646 776 2709 temperare
787 2634 860 2690 mihi
869 2654 1000 2710 possum,
1016 2633 1088 2710 quin
1099 2653 1247 2710 erumpam
1326 2656 1331 2663 ·

173 2723 204 2781 in
218 2743 304 2782 voces
316 2725 419 2782 laetitiae
433 2727 542 2801 plenas,
558 2737 593 2782 ut
611 2725 740 2804 AEgyptii
761 2728 869 2812 solept,
891 2746 982 2801 quum
1000 2726 1145 2783 Osiridcm
1163 2747 1247 2784 suum

97 2882 100 2892 Ι
173 2817 355 2874 invenerunt.
368 2819 405 2874 Et
419 2835 490 2875 vero
505 2817 569 2892 quis
584 2819 661 2874 hunc
677 2816 806 2874 nobilem
824 2817 1027 2892 appellaverit,
1047 2816 1097 2890 qni
1110 2836 1200 2891 quum
1215 2837 1246 2874 se

172 2909 327 2988 indignum
342 2928 446 2986 genere
467 2929 519 2968 suo
533 2910 673 2986 praebeat,
688 2907 762 2964 nihil
778 2926 837 2982 quo
854 2906 996 2986 glorietur
1009 2918 1114 2982 praeter
1134 2909 1246 2967 illustre

172 2999 686 3074 uomenhnbetldcciditaliquando,
696 2987 1032 3072 quumjoca'rivolumus¹
1041 3008 1075 3054 ut
1082 3017 1244 3076 pygmaeum

171 3095 319 3152 Atlantem
331 3094 505 3168 appellemus
514 3112 520 3146 :
530 3090 648 3166 nigrum
659 3088 749 3146 instar
758 3089 903 3163 AEthiopis
913 3108 1049 3146 vocemus
1059 3109 1198 3166 cycnum3
1210 3105 1244 3150 ut

171 3187 268 3261 puella
282 3184 387 3261 exiguo
401 3195 430 3241 et
440 3169 564 3240 distorto
576 3201 699 3256 corpore
714 3181 867 3249 deformis,
885 3183 1001 3258 Europe
1012 3182 1133 3240 dicatur.
1145 3187 1243 3244 Vetuli

172 3295 271 3347 canes,
291 3276 416 3352 depiles,
438 3274 575 3345 scabiosi,
594 3274 681 3332 sicces
694 3273 821 3332 lambere
838 3275 969 3331 lucernas
990 3275 1081 3346 soliti,
1102 3288 1244 3335 vocantur

172 3370 273 3445 pardi,
288 3370 403 3439 leones,
415 3367 520 3444 tigres,
535 3377 564 3422 et
578 3366 603 3424 si
618 3366 698 3441 quod
713 3365 745 3422 in
755 3367 840 3423 terris
851 3366 978 3424 ferocius
988 3368 1093 3425 animal
1105 3380 1155 3426 est.
1169 3371 1243 3426 Cave

173 3461 264 3539 igitur
273 3480 311 3518 ne
323 3472 355 3517 tu
368 3459 405 3517 ad
417 3461 494 3516 hunc
504 3458 625 3515 modum
636 3458 783 3527 Creticus,
796 3469 846 3514 aut
861 3460 1028 3517 Camerinus
1038 3461 1201 3536 appelleris.

214 3555 263 3628 39.
285 3555 380 3622 Quem
397 3571 469 3609 vero
487 3550 547 3607 bac
565 3549 638 3625 petit
655 3549 774 3606 oratio?
790 3568 875 3624 quem
892 3551 1038 3609 insector?
1056 3562 1101 3624 te,
1122 3553 1240 3610 Rubelli

175 3643 299 3716 Blande,
317 3645 364 3700 cui
382 3635 502 3719 magnos
519 3641 657 3698 nimirum
670 3639 788 3716 spiritus
804 3641 873 3697 lacit
889 3641 938 3698 illa
954 3643 1104 3714 nobilitas,
1123 3663 1209 3718 quam
1226 3657 1244 3701 e

174 3741 337 3796 Drusorum
346 3737 435 3812 stirpe
449 3736 546 3806 ducis;
561 3735 683 3810 perinde
695 3735 777 3811 quasi
787 3736 861 3794 hanc
871 3736 926 3792 tuis
936 3737 1058 3816 egregiis
1067 3737 1243 3796 facinoribus

175 3841 369 3905 consequutus
382 3828 474 3898 sores,
491 3827 698 3904 meruissesque
712 3826 819 3884 habere
835 3838 956 3884 matrem
972 3847 987 3884 c
1002 3828 1078 3884 Julia
1093 3841 1192 3904 gente,
1206 3832 1243 3885 ab

176 3921 256 3992 Iulo,
271 3919 387 3978 Ascami
401 3917 478 3990 lilio,
498 3911 669 3994 propagata,
686 3917 782 3993 potius
797 3937 884 3993 quam
894 3919 1011 3976 vileme
1027 3919 1110 3994 plebe
1125 3920 1244 3978 mulier-

106 4079 118 4093 ·
176 4017 284 4086 culam
297 4035 361 4090 quae
374 4032 491 4089 operam
502 4032 583 4070 suam
597 4011 696 4069 alienis
710 4012 774 4068 telis
788 4011 819 4067 in
831 4031 939 4090 aggere
954 4024 1076 4077 ventoso
1094 4015 1245 4089 Tarquinii

178 4107 307 4164 texendis
318 4107 414 4164 locare
427 4106 509 4161 solet.
520 4107 597 4172 Vos,
609 4103 647 4160 ita
659 4106 696 4161 de
707 4104 792 4160 nobis
805 4103 882 4160 enirn
894 4103 1035 4180 loqueris,
1049 4104 1120 4160 viles
1129 4108 1245 4176 animae,

927 4265 932 4273 .
1049 4197 1142 4270 40?
