3130 4986
330 461 371 524 88
601 460 640 522 D.
671 457 809 522 Juuu
838 457 1125 525 IUVENALIS

329 580 530 644 Montanum
546 574 661 668 positis
677 574 808 642 audiret
823 571 944 666 vulgus
958 575 1087 643 aratris.

329 687 420 774 Quid
438 710 506 753 non
524 683 726 778 proclames,
745 685 779 751 in
798 707 938 775 corpore
952 683 1074 775 judicis
1090 684 1151 752 ista
1369 689 1407 761 7⁵

329 797 364 864 Si
382 793 513 862 videas?
529 817 658 887 quaero,
676 817 719 860 an
735 792 878 862 deceant
891 790 1038 863 multicia
1054 792 1194 862 testem?

329 907 435 988 Acer,
452 918 486 971 et
501 903 700 988 indomitus,
716 900 943 994 libertatisque
960 903 1132 996 magister,

330 1011 477 1096 Cretica,
495 1009 648 1104 perluces
663 1036 671 1076 :
689 1008 782 1077 dedit
797 1009 885 1079 banc
903 1011 1058 1103 contagio
1074 1009 1198 1096 labem,

331 1123 374 1190 Et
390 1120 482 1188 dabit
498 1121 533 1187 in
549 1118 680 1212 plures;
698 1119 784 1187 sicut
799 1144 880 1215 grex
895 1134 985 1188 totus
1001 1119 1037 1187 in
1053 1119 1141 1214 agris

331 1229 441 1297 Unius
457 1226 567 1296 scabie
584 1227 672 1296 cadit
688 1242 721 1295 et
737 1229 911 1323 porrigine
928 1229 1041 1322 porci,

332 1338 474 1430 Uvaque
492 1321 671 1428 eonspecta
686 1334 825 1404 livorem
840 1336 933 1404 ducit
949 1337 990 1404 ab
1007 1361 1081 1405 uva.

380 1444 514 1513 Foedius
529 1445 595 1514 boc
611 1445 735 1538 aliquid
751 1444 952 1538 quandoque
968 1445 1105 1514 audebis
1121 1447 1255 1516 amictu.

335 1557 445 1624 Nemo
462 1569 602 1648 repente
619 1555 712 1623 venit
727 1556 959 1648 turpissimus:
976 1557 1144 1649 accipient
1160 1571 1193 1624 te

334 1661 526 1748 Paullatim,
543 1664 601 1755 qui
617 1662 717 1756 longa
732 1662 823 1732 domi
841 1663 1035 1734 redimicula
1051 1679 1187 1734 sumunt

335 1771 533 1856 Frontibus,
551 1786 584 1839 et
599 1785 669 1839 toto
686 1795 829 1865 posuere
845 1771 982 1839 monilia
999 1772 1104 1858 collo,
1372 1783 1407 1839 85

335 1885 446 1976 Atque
463 1885 590 1949 Bonam
607 1894 729 1948 tenerae
746 1878 880 1974 placant
895 1879 1074 1950 abdomine
1091 1905 1221 1975 porcae,

336 1995 380 2062 Et
395 2015 517 2086 magno
535 2003 664 2058 cratere
680 1990 810 2059 Deam:
827 1989 886 2058 sed
902 2014 995 2058 more
1012 1992 1146 2059 sinistro

338 2245 370 2300 in
392 2243 479 2318 sylvis
493 2252 521 2298 et
536 2242 683 2299 montibus
701 2241 854 2310 edueams,
868 2253 918 2296 aut
937 2242 1046 2300 abello
1061 2261 1160 2300 recens
1173 2253 1240 2318 poet
1254 2240 1409 2297 victoriam

337 2335 375 2392 de
390 2334 521 2390 hostibus
535 2345 728 2408 reportatam,
742 2345 944 2408 ostentansque
965 2336 1086 2392 vulnera
1107 2353 1211 2391 cruore
1232 2334 1326 2390 adhuc
1343 2349 1410 2387 ma-

338 2427 451 2496 nantia,
463 2437 512 2482 aut
526 2425 618 2483 redux
631 2427 668 2482 ab
677 2425 770 2504 egris,
784 2437 850 2501 post
865 2437 957 2483 aratra
970 2424 1115 2501 deposita,
1130 2436 1270 2501 spectaret
1282 2423 1411 2480 audiret·

340 2535 396 2593 que
408 2519 485 2592 leges
496 2528 723 2592 proponentem,
739 2528 768 2573 et
776 2517 842 2591 jura
857 2517 966 2574 civitati
975 2519 1106 2576 dantem!
1122 2519 1184 2594 Ego
1198 2517 1328 2591 teipsum
1340 2535 1411 2572 con-

340 2612 404 2668 sulo
415 2632 421 2667 :
432 2629 501 2667 num
513 2609 575 2666 illae
584 2620 682 2667 tenues
692 2630 724 2666 ac
734 2611 890 2685 pellucidae
901 2622 992 2668 vestes
1001 2611 1156 2668 convenire
1166 2609 1231 2667 testi
1239 2607 1410 2666 arbitraris?

342 2719 468 2776 quonam
491 2700 581 2776 igitur
592 2711 677 2775 pacto
693 2701 819 2774 judicem
833 2701 998 2759 decebant?
1013 2720 1111 2758 nonne
1128 2701 1338 2777 indignissimas
1356 2700 1410 2757 illo

340 2812 416 2862 esse,
432 2811 465 2849 ac
477 2791 543 2866 jura
559 2791 676 2866 quidem
688 2792 842 2850 clamabis?
856 2804 940 2864 tune,
955 2814 976 2850 o
989 2794 1117 2866 Cretica,
1134 2794 1185 2868 qui
1194 2803 1336 2850 austeram
1346 2791 1410 2847 vir-

341 2894 450 2954 tutem,
464 2895 493 2940 et
507 2883 640 2940 omuibus
652 2883 806 2940 libidinum
817 2885 879 2942 telis
890 2885 1113 2961 insuperabilem
1121 2883 1412 2962 profiteanpenuci-

342 2975 408 3032 dam
420 2985 528 3032 vestem
537 2976 648 3050 gestas?
661 2976 798 3032 nimirum
809 2995 844 3033 ex
855 2976 1065 3053 flagitiosorum
1074 2977 1225 3034 bominum
1236 2974 1410 3051 contagiosis

342 3067 479 3142 exemplis
499 3068 572 3124 banc
594 3068 688 3124 mollis
708 3069 933 3145 effeminateqne
948 3069 1014 3126 vitre
1031 3070 1124 3126 labem
1142 3069 1253 3126 traxisti
1272 3090 1280 3124 ε
1299 3085 1353 3124 nec
1368 3067 1414 3124 ibi

341 3158 421 3216 sistet
443 3177 558 3216 morum
579 3161 632 3216 ista
652 3160 810 3237 contagio;
829 3172 925 3236 eerpet
947 3163 985 3218 ad
1005 3163 1119 3237 plures,
1139 3161 1190 3237 qui
1208 3160 1264 3217 tnie
1286 3159 1412 3216 vicissim

343 3249 481 3326 exemplis
502 3250 647 3324 inquinari
662 3271 692 3308 se
709 3251 818 3324 sinent,
838 3253 911 3310 sicut
931 3254 1044 3330 integer
1061 3273 1147 3330 grex,
1168 3253 1207 3309 ob
1224 3251 1310 3308 unius
1327 3250 1413 3327 porci

343 3341 464 3398 scabiosi
477 3351 506 3398 et
515 3341 665 3417 porrigine
673 3343 832 3400 laborantis
846 3345 996 3416 morbum,
1006 3362 1059 3419 per
1072 3363 1157 3419 agros
1172 3342 1289 3413 interit3
1308 3353 1337 3399 et
1354 3361 1413 3398 nvn

343 3433 464 3490 tabescit
481 3432 752 3509 corrumpiturque,
774 3434 797 3491 si
813 3454 904 3511 prope
923 3455 1010 3493 uvam
1028 3435 1112 3494 aliam
1130 3436 1256 3493 tabidam
1273 3446 1303 3496 et
1319 3433 1412 3491 livido

344 3523 443 3580 colore
456 3523 591 3580 suffusam
608 3524 700 3599 posita
713 3525 809 3581 luerit.

383 3617 431 3674 ee.
452 3617 500 3673 Ab
513 3615 566 3672 hac
582 3617 700 3673 vestitus
714 3617 836 3676 mollitie
848 3617 968 3693 gmdum
982 3617 1052 3674 olim
1069 3618 1154 3676 facies
1171 3618 1208 3674 ad
1222 3616 1330 3694 flagitia
1345 3635 1413 3694 gra-

343 3708 434 3764 viora.
450 3709 545 3764 Nemo
558 3709 636 3764 enim
646 3708 744 3764 smum
761 3711 804 3764 ad
820 3701 962 3766 summum
977 3711 1171 3786 improbitatis
1183 3713 1294 3766 cannen
1307 3711 1412 3767 wadia

345 3799 430 3856 Brevi
449 3817 533 3856 enum
550 3798 581 3854 in
604 3819 720 3877 gregem
743 3811 772 3858 te
792 3802 961 3875 pertrahent
976 3801 1019 3858 illi
1040 3801 1145 3859 Albani
1165 3801 1342 3872 sacerdotes,
1362 3803 1416 3876 qui

345 3893 437 3968 capita
449 3891 573 3950 induunt
585 3893 705 3967 prolixis
717 3892 907 3972 redimiculis,
921 3905 1007 3970 atque
1019 3894 1093 3952 colla
1108 3905 1169 3950 tota
1182 3893 1339 3950 monilibus
1352 3893 1414 3950 cir·

346 3983 497 4054 comdant,
513 3996 542 4044 et
556 3987 644 4042 Bonae
659 3987 726 4044 Deae
745 3997 870 4042 teneram
883 3986 1033 4044 immolant
1046 4005 1144 4056 suem,
1161 3986 1304 4062 hujusque
1320 3986 1418 4044 abdo-

345 4063 413 4132 men
421 4074 538 4151 pingue,
550 4086 579 4133 et
587 4095 636 4132 vae
645 4076 746 4153 ingens
754 4077 825 4135 vino
835 4077 972 4136 refertum
981 4079 1019 4136 ad
1028 4097 1090 4136 enm
1099 4077 1266 4154 placandam
1274 4077 1415 4136 offerunt.

346 4165 422 4244 sed,
442 4185 524 4244 ruore
539 4168 654 4246 penitus
676 4170 824 4244 contrario
844 4170 887 4228 illi
906 4171 983 4230 mori
1003 4170 1054 4247 qui
1072 4173 1170 4230 Romae
1187 4169 1218 4228 in
1240 4171 1325 4227 Bona
1344 4172 1415 4230 Dera
