3148 4990
1116 323 1126 360 Ι

220 619 482 710 ERUDITO
507 620 579 706 ΕΤ
607 619 907 711 BENEVOLO
933 617 1181 711 LECTORI

643 824 668 870 8.
685 824 713 872 Ρ.
732 824 763 872 D.

501 1002 545 1072 N.
570 1004 612 1071 E.
639 1003 898 1075 LEMAIRE.

167 1433 314 1546 Quereris
326 1470 372 1518 tot
383 1471 414 1518 et
422 1458 507 1518 tantis
514 1457 661 1546 Mpediar
669 1458 803 1536 negotiis,
813 1479 849 1518 ex
859 1477 918 1536 quo
929 1458 1084 1518 totiuslere
1094 1459 1244 1518 latinitatis

168 1551 350 1628 colligendae,
368 1550 628 1629 recognoscendae,
642 1550 740 1610 denuo
753 1549 938 1629 publicandae
950 1551 1110 1612 atlanteum
1122 1570 1197 1610 onus
1212 1553 1244 1612 iu

168 1663 214 1704 me
235 1645 366 1720 suscepi,
381 1655 415 1700 ut
430 1663 507 1722 saepe
522 1661 636 1704 mecum
654 1642 796 1714 admirer,
813 1662 872 1720 quo
890 1643 979 1704 modo
996 1644 1103 1702 centies
1120 1644 1151 1702 in
1169 1643 1245 1702 hora
1358 1679 1362 1686 ·

169 1735 326 1794 distentum
344 1747 432 1812 atque
452 1735 622 1794 distractum
642 1735 789 1810 ingenium
805 1733 912 1808 (credo
932 1733 1047 1792 favente
1068 1734 1166 1810 aliquo
1190 1754 1245 1792 nu-

168 1827 262 1905 mine)
276 1847 337 1884 non
351 1826 466 1884 fatiscat
480 1825 613 1895 demum,
631 1844 664 1880 ac
679 1821 893 1897 disrumpatur,
911 1830 1006 1880 tamen
1019 1821 1149 1882 suffuror
1160 1825 1244 1900 operi

170 1920 306 1976 universo
317 1913 519 1974 breviusculas
529 1912 669 1989 quasdam
682 1910 822 1987 temporis
836 1910 1008 1987 particulas,
1021 1931 1094 1988 quas
1104 1912 1139 1970 iis
1151 1915 1245 1991 potis-

170 2012 273 2070 simum
286 2008 454 2086 impendam
463 2005 565 2084 poetis,
576 2003 722 2083 inquibus
732 2023 847 2082 semper
858 2004 1002 2084 acquievi,
1015 2005 1116 2064 solitus
1125 2007 1244 2084 quidem

170 2123 237 2164 cum
253 2099 364 2160 caeteus
382 2098 463 2160 hand
481 2097 638 2178 injucunde
660 2097 773 2182 uersari
791 2095 999 2176 scriptoribus,
1021 2115 1087 2154 cum
1107 2096 1153 2156 his
1171 2117 1244 2158 vero

170 2196 258 2254 etiarn
271 2191 452 2254 familiariter
462 2191 619 2250 convivere
626 2185 814 2270 jamdudum,
828 2201 857 2248 et
870 2187 1060 2264 confabulari.

211 2294 341 2366 Εφιιιω
354 2299 399 2346 est
413 2303 520 2364 porro,
534 2284 586 2362 qui
601 2304 648 2344 me
661 2285 817 2362 saepissime
829 2283 1022 2356 delectarunt,
1039 2303 1090 2344 eos
1102 2284 1213 2362 aliquid
1228 2305 1247 2344 a

170 2401 217 2442 me
230 2401 292 2459 pro
305 2378 416 2438 caeteris
429 2379 523 2450 ferre,
536 2389 566 2436 et
579 2397 705 2454 quarm
716 2377 881 2456 precipuus
897 2396 996 2449 amor,
1012 2395 1114 2436 eorum
1127 2396 1246 2454 quoquo

170 2475 347 2552 singularem
360 2490 422 2530 esse
433 2489 542 2531 curam.
558 2474 661 2547 Itaque
674 2469 842 2548 Virgilium,
857 2489 946 2548 quum
958 2484 996 2528 ex
1006 2469 1097 2547 prelis
1110 2469 1182 2528 meis
1192 2490 1246 2530 ex-

170 2569 243 2636 iret,
257 2566 338 2625 nolui
349 2584 367 2622 a
377 2583 424 2622 me
436 2562 599 2634 discedere,
610 2563 682 2641 quin
696 2563 816 2624 abeunti
827 2565 1020 2642 imponerem,
1034 2575 1170 2642 tanquam
1180 2562 1248 2635 diua

170 2658 305 2736 quaedam
313 2699 322 2726 ,
330 2668 359 2715 et
373 2675 514 2713 manuum
525 2670 714 2714 monumenta
728 2675 877 2726 murum,
892 2658 1095 2734 supplementa
1105 2657 1157 2716 illa
1167 2660 1247 2733 Hey·

170 2753 265 2811 nianae
276 2747 420 2818 editionis,
431 2746 563 2824 longetm,
576 2747 642 2816 sed,
657 2747 751 2807 audeo
764 2748 875 2821 dicere,
887 2748 1070 2808 utilissimum
1079 2767 1162 2825 opus,
1172 2749 1246 2806 assi-

171 2842 226 2901 dui
237 2861 290 2918 per
302 2840 409 2900 multos
420 2857 512 2898 annos
526 2837 636 2900 laboris
649 2841 792 2912 fructum,
805 2859 859 2898 nec
871 2839 956 2912 mihi,
968 2859 1022 2899 nec
1033 2839 1248 2920 professoribus

173 2934 358 3004 decursionis,
376 2953 430 2992 nec
442 2933 553 2992 caeteris
563 2919 723 2992 lectoribus
734 2933 944 3012 poenitendum.

213 3033 297 3086 Nunc
311 3027 413 3105 prodit
423 3046 442 3084 a
455 3045 502 3084 me
514 3026 677 3098 Juvenalts,
688 3025 959 3086 vehementissimus
970 3038 1070 3104 poeta,
1085 3026 1197 3099 dicum,
1210 3047 1247 3086 an

173 3121 294 3178 orator?
307 3118 359 3176 sed
370 3129 527 3194 utrumque
536 3117 640 3179 dicam.
657 3118 729 3190 Quis
741 3119 819 3178 enirn
830 3131 882 3176 aut
893 3131 1004 3178 mentes
1013 3118 1120 3197 rapido
1132 3119 1249 3178 dicendi

172 3225 243 3272 astu
253 3210 399 3290 potentius
413 3208 555 3287 abripuit,
566 3208 646 3286 quod
657 3211 761 3270 summi
771 3212 896 3272 oratorie
908 3214 969 3272 estl
981 3225 1031 3272 aut
1042 3212 1148 3274 vividis
1159 3213 1250 3292 magis

173 3304 321 3364 coloribus
334 3303 475 3381 imagines
487 3303 619 3366 omnium
636 3321 706 3380 quas
720 3303 814 3382 attigit
826 3323 925 3364 rerum
938 3305 1097 3383 expressit,
1111 3305 1192 3381 quod
1207 3317 1251 3364 est
1271 3381 1277 3390 Α

174 3399 279 3458 summi
292 3399 405 3476 poetae?
423 3394 535 3454 Omitto
548 3396 609 3454 vim
623 3396 777 3469 comicum,
794 3417 852 3474 qua
868 3410 952 3476 pane
965 3419 1003 3456 ne
1016 3398 1120 3458 Plauto
1131 3397 1250 3476 quidem

174 3490 296 3550 inferlm
310 3502 361 3548 est
381 3487 440 3549 Sed
454 3488 531 3550 hanc
545 3489 640 3558 multo
652 3489 796 3566 potiorem
813 3488 869 3550 sibi
879 3489 1004 3559 laudern
1016 3489 1159 3561 vindicat,
1179 3489 1252 3550 boni

175 3583 248 3642 civis
254 3595 284 3644 et
292 3601 407 3642 morum
413 3580 538 3642 vindicis
550 3581 675 3659 egregii:
686 3601 752 3640 nam
763 3583 829 3659 orris
838 3583 868 3643 in
878 3583 949 3648 vitia
957 3581 1051 3643 acrius
1059 3582 1110 3642 illo
1120 3583 1252 3644 invectus

159 3677 238 3734 est?
260 3675 409 3736 Malorum
425 3685 545 3752 pectora
562 3675 641 3735 onds
657 3695 746 3734 exesa
762 3677 828 3753 quis
848 3676 985 3736 audemus
1001 3676 1163 3738 revelavit?
1180 3678 1253 3749 Quia

175 3767 258 3845 prior
274 3768 392 3826 satiram
411 3765 525 3843 flagello
542 3765 697 3844 gladioque
715 3769 853 3839 armavit,
872 3769 969 3830 adbuc
987 3771 1017 3828 in
1035 3769 1158 3828 Horatio
1176 3769 1253 3830 ludi-

175 3858 320 3932 bundam,
346 3859 376 3915 in
400 3858 542 3918 Iuvenale
562 3877 724 3937 pugnacem
746 3873 775 3918 et
796 3860 948 3920 ultricem?
974 3863 1060 3921 Hunc
1080 3859 1169 3939 ipitur
1185 3873 1254 3939 post

176 3953 329 4030 Virgilium
349 3950 561 4028 Horatiumque
576 3952 637 4030 jam
655 3972 672 4015 a
691 3954 797 4016 teneris
815 3953 966 4031 amplexus
980 3973 1042 4019 sum
1057 3977 1063 4010 ε
1077 3953 1155 4016 bunc
1170 3973 1254 4032 paene

178 4045 383 4122 quotidianum
400 4041 649 4102 confabulatorem
665 4046 776 4118 amavi,
795 4046 825 4104 in
842 4045 953 4110 deliciis
967 4045 1058 4108 habui
1068 4089 1077 4120 ,
1097 4045 1147 4124 qiu
1165 4067 1212 4106 roe
1226 4059 1256 4104 et

174 4157 241 4196 cnm
253 4138 320 4216 ipso
336 4135 524 4204 meditantem
534 4136 659 4214 plurima
669 4136 865 4204 oblectatione
875 4111 1042 4212 detinebat,
1063 4151 1092 4198 et
1103 4138 1255 4202 disceden-

178 4243 235 4290 tem
246 4249 366 4310 semper
378 4227 528 4306 aliquanto
543 4229 692 4290 meliorem
707 4228 877 4292 dimittebat.
