3148 4990
353 469 395 548 54
503 467 671 534 VARlAE
701 468 994 534 LEC'l'IONES
1024 470 1086 533 ET
1115 469 1268 536 NOTAE

350 582 419 634 forte
428 581 606 652 interpretatio
617 580 736 652 Grangei
748 599 754 632 ε
767 606 778 626 ι
789 581 905 645 Quantae
921 598 1089 635 nummorum
1107 596 1221 636 summas
1237 581 1327 636 ludere
1344 583 1419 638 ride·

351 665 411 718 bis?
421 664 512 718 Ludus
521 665 590 716 enim
600 664 661 716 aleae
669 663 865 736 quodammodo
871 667 963 732 preliis
972 675 1140 737 comparatur
1149 685 1155 719 :
1169 664 1232 719 hinc
1238 669 1313 736 jocus
1321 667 1419 719 liuma-

350 768 444 802 uorum
459 750 486 801 in
496 750 623 801 Curarem
637 749 783 819 Augurium
797 748 939 800 aleatorum
950 748 1154 818 permrximtun,
1172 747 1244 820 apud
1260 748 1330 802 Suet.
1349 750 1419 821 Aug.

349 851 406 904 cap.
418 851 462 902 7⁰·
474 857 485 878 ι
499 831 605 902 Optime
614 829 669 883 huc
681 831 716 883 ite
726 831 850 902 explicari
859 829 923 884 dicit
931 831 1009 884 llein.
1020 831 1066 903 qui
1079 832 1160 884 multe
1173 847 1310 904 perperam
1323 832 1419 886 edver-

351 933 396 969 sus
407 931 450 971 me
461 915 613 988 disputavit.

382 1009 450 1061 Nor.
470 1027 513 1077 9²·
529 1007 811 1076 sirnpteenesumrest,
828 1021 892 1059 num
904 1023 984 1079 parra
999 1019 1112 1070 tantam,
1129 1007 1172 1060 rel
1182 1025 1233 1060 une
1245 1008 1345 1060 insanie
1357 1007 1416 1061 esti

347 1090 391 1143 Sic
410 1093 528 1161 sirplr'ees
545 1091 713 1162 cogitationen
728 1093 824 1159 magnis
840 1091 951 1162 opponit
967 1090 1092 1155 Tacitus,
1113 1089 1203 1143 Germ.
1218 1105 1276 1162 erp.
1292 1107 1335 1140 rr.
1354 1089 1418 1142 llec

347 1184 496 1226 autemnon
505 1174 584 1226 rerba
596 1171 796 1243 dispensatoris,
811 1171 947 1226 dominum
961 1172 1112 1244 perdentem
1122 1171 1298 1242 objurgantis,
1315 1181 1345 1222 ut
1356 1171 1418 1242 qni·

347 1255 408 1308 elem
425 1263 519 1327 putant
532 1253 604 1322 (rid.
617 1255 731 1308 Henniu.
745 1255 786 1308 ed.
805 1273 864 1328 pag.
876 1258 959 1325 762),
976 1255 1021 1309 sed
1038 1256 1119 1328 ipsius
1134 1265 1234 1328 poete,
1253 1264 1282 1305 ut
1297 1254 1417 1325 relique,

347 1355 403 1392 esse
420 1335 586 1391 crediderim.
603 1365 638 1378 -·-
654 1341 767 1389 Sestertio
784 1351 885 1389 emtore.
903 1337 1014 1390 Centum
1035 1338 1115 1390 millia
1136 1335 1298 1401 sestertium,
1323 1347 1419 1388 nom

346 1437 454 1493 nuperae
464 1431 574 1472 monete
582 1420 687 1473 circiter
698 1423 792 1488 19‚tioo
805 1420 837 1472 ir.
850 1419 899 1473 Ed.
914 1447 950 1462 ω-
963 1424 1077 1471 Homeri
1088 1421 1200 1491 frigore,
1214 1429 1244 1471 ut
1256 1419 1327 1490 apud
1335 1417 1419 1472 Orici.

348 1506 403 1556 Art.
419 1504 477 1555 Am.
489 1503 534 1568 ΙΙ,
556 1502 624 1568 eti,
642 1503 688 1556 ubi
704 1502 758 1555 vid.
777 1503 909 1557 Heinsius.
926 1530 962 1544 -
978 1507 1100 1564 Reddere,
1120 1502 1171 1554 hoc
1188 1499 1248 1554 licet
1265 1499 1420 1573 simpliciter

348 1585 411 1638 tiore
421 1625 428 1650 ,
439 1603 510 1652 non,
523 1597 552 1637 ut
564 1585 671 1658 qnidam
683 1596 792 1658 putant,
806 1586 959 1650 restituere,
970 1586 1045 1657 quasi
1054 1585 1148 1656 aliquis
1159 1597 1294 1636 serrorum
1304 1585 1420 1637 tunicam

348 1685 422 1720 auam
432 1667 639 1721 commodaverit
648 1667 773 1732 domino,
786 1665 833 1738 qui
843 1682 916 1719 suum
927 1667 1072 1740 perdiderit
1090 1668 1162 1733 alen,
1178 1679 1203 1720 et
1216 1683 1286 1720 nnnc
1297 1667 1420 1721 servilem

352 1748 463 1802 reddere
472 1765 524 1804 non
534 1750 624 1822 possit.
634 1776 670 1790 --
680 1750 705 1801 le
718 1747 805 1802 reddit
817 1750 863 1821 qui
877 1747 964 1802 debet.
976 1749 1058 1803 Porro
1067 1749 1146 1802 herus
1156 1764 1233 1802 cerro
1243 1748 1321 1802 debet
1330 1749 1420 1803 cibum

350 1833 526 1885 etvestitnna:
541 1831 628 1885 reddit
641 1832 835 1904 igitur,qnmn
846 1831 890 1884 dat
901 1833 924 1884 ei
936 1833 1032 1886 debiti.
1051 1833 1103 1885 En,
1404 1819 1407 1832 '

383 1977 452 2024 Ver.
470 1977 512 2039 93.
527 1974 628 2039 Algenti
638 1991 685 2038 pro
697 1974 821 2036 horrenti,
837 1990 868 2021 na
883 1991 896 2021 e
909 1990 942 2021 m.
956 1990 1003 2022 sec.
1019 2000 1057 2011 ·-
1077 1972 1198 2032 Tradere,
1212 1974 1254 2020 26.

383 2067 452 2118 Nor.
472 2074 515 2133 94.
537 2069 596 2134 Quis
609 2086 677 2125 avus,
693 2065 753 2138 quis
770 2085 785 2117 e
800 2065 945 2137 majoribus
961 2063 1112 2116 uostris-
1123 2064 1229 2112 Totidem
1247 2063 1340 2120 villar,
1353 2073 1420 2132 quot

347 2165 419 2203 nuno
431 2150 507 2202 multi
521 2161 703 2204 entmxerunt
713 2159 732 2201 ¹.
742 2179 779 2190 ·-
788 2153 896 2208 Secreto,
912 2146 1054 2218 privatim,
1070 2144 1158 2210 solus,
1179 2143 1236 2195 sine
1253 2141 1419 2213 hospitibus,

341 2235 441 2301 finale
457 2248 546 2301 septem
564 2234 667 2283 caenavit
680 2252 689 2282 :
708 2249 768 2284 nem
779 2272 786 2298 ,
799 2231 871 2302 quod
888 2230 995 2283 Servius
1008 2228 1042 2280 atl
1052 2227 1146 2299 virgil.
1158 2225 1261 2279 AEneid.
1274 2227 1305 2292 l,
1316 2225 1385 2296 637,
1403 2247 1421 2279 e

348 2315 447 2368 Catone
457 2315 572 2380 notavit,
584 2333 594 2359 ι
604 2313 631 2366 iu
640 2313 718 2380 strio,
728 2325 753 2366 et
762 2313 867 2366 duobus
878 2307 983 2364 ierttttlls
993 2311 1166 2382 epulabantur
1176 2309 1286 2381 antiqui.
1296 2333 1307 2354 ι
1319 2307 1421 2360 Confer

348 2395 408 2451 vat.
421 2397 580 2461 Maximum,
592 2397 634 2461 ll,
646 2395 677 2460 5,
689 2395 719 2460 ⁵,
732 2407 757 2446 et
767 2395 887 2465 Lipslum
897 2433 905 2460 ,
916 2393 1004 2466 Antiq.
1016 2395 1098 2446 Lectt.
1111 2394 1157 2445 lili.
1169 2393 1220 2444 111.
1230 2419 1266 2432 -·
1274 2395 1417 2452 Ferculum,

348 2482 391 2533 rel
401 2480 514 2552 quodvis
525 2481 644 2532 ciborum
654 2489 735 2549 gemti
745 2489 771 2528 et
779 2475 878 2547 queris
887 2477 975 2548 patina
986 2496 994 2541 5
1006 2477 1048 2528 vel
1058 2476 1153 2548 patine
1163 2515 1170 2541 ,
1179 2494 1238 2547 que
1249 2475 1326 2528 simul
1337 2487 1420 2547 eppo-

347 2576 447 2616 nuntur
455 2561 482 2613 in
492 2572 579 2612 mensa
591 2601 598 2624 ,
608 2560 702 2611 missus
712 2559 849 2623 ciborum,
859 2559 1026 2622 nimiumve,
1039 2571 1118 2629 quem
1135 2559 1269 2630 propriam
1281 2559 1354 2611 roois
1363 2553 1419 2610 vim

348 2663 403 2698 esse
413 2643 490 2695 docet
501 2641 619 2704 Nouius,
638 2639 745 2710 gallice,
765 2657 798 2690 nn
814 2643 909 2690 servire.
930 2641 1029 2693 Confer
1037 2639 1111 2704 Vll,
1126 2641 1192 2706 184,
1212 2653 1238 2693 et
1253 2640 1311 2706 lll,
1329 2643 1371 2703 es.
1381 2667 1419 2681 «-

350 2725 556 2793 Cenareferrule
567 2721 679 2786 dicitur,
695 2733 724 2773 ut
737 2739 833 2772 cornum
842 2727 961 2790 patinas,
980 2722 1050 2796 opud
1063 2724 1154 2777 llorut.
1169 2723 1251 2795 Epist
1261 2725 1294 2789 Ι,
1310 2723 1359 2788 55,
1373 2723 1417 2786 34.

347 2809 414 2860 Noto
431 2804 567 2858 Ramiresii
583 2803 617 2856 stl
631 2804 744 2856 Martini.
756 2803 888 2876 despect.
901 2806 983 2878 epigr.
995 2809 1028 2868 6,
1049 2819 1087 2858 cst
1102 2802 1175 2859 hee:
1196 2805 1349 2859 *Iuvenalis
1363 2823 1418 2859 non

348 2901 419 2942 notat
433 2889 473 2940 sui
483 2886 606 2957 temporis
617 2886 747 2938 luxuriam
763 2906 794 2938 eo
804 2889 928 2954 nomine,
941 2887 1013 2961 quod
1025 2903 1115 2956 septem
1120 2893 1220 2958 semela
1233 2899 1322 2941 secreto
1332 2907 1417 2942 oena-

348 2985 415 3022 rene:
427 2971 453 3022 id
464 2968 532 3021 enim
541 3007 549 3034 ,
557 2969 580 3022 si
589 2971 644 3040 ejur
655 2970 780 3040 temporie
789 2987 875 3024 morer
884 2971 1021 3043 inspicies,
1032 2973 1149 3026 inbrium
1159 2984 1243 3038 ωας
1254 2971 1300 3025 sed
1309 2985 1417 3026 acutum

348 3067 385 3108 est
395 3064 576 3124 argumentum
587 3073 601 3104 a
613 3052 704 3123 majori
717 3091 724 3116 ,
734 3063 763 3104 ut
771 3053 853 3104 aiunt.
865 3054 915 3106 nri
925 3055 1007 3106 nostri
1017 3096 1024 3122 ,
1036 3054 1142 3126 quando
1151 3065 1250 3108 secretu
1261 3055 1416 3122 emebant,

346 3155 401 3209 quo
412 3135 548 3187 hominum
558 3135 647 3187 oculos
658 3135 771 3188 riter-ent
780 3175 788 3201 ,
798 3155 832 3188 ne
839 3137 967 3189 luxuriosi
977 3135 1114 3201 audirent,
1125 3153 1270 3209 numquam
1284 3137 1319 3190 ita
1328 3138 1418 3209 splen·

347 3217 403 3272 didi
414 3216 536 3280 inerunt,
549 3229 578 3268 ut
587 3227 686 3288 reptem
697 3229 828 3270 cernerent
839 3236 845 3271 ε
857 3234 904 3271 ros
913 3232 1091 3284 notescerem,
1103 3218 1149 3272 sed
1160 3219 1267 3290 publice
1278 3219 1418 3272 innumera

348 3300 446 3353 lemnio
459 3297 573 3350 coenatis.
585 3323 596 3344 ι
609 3297 671 3352 llec
685 3299 817 3371 ingeniose
831 3299 960 3372 disputate
974 3321 1029 3356 esse
1040 3312 1115 3373 putat
1130 3302 1226 3368 lirin,
1244 3301 1290 3356 sed
1308 3303 1418 3356 fortem

348 3385 482 3453 vulgarem
492 3381 679 3452 interpretandi
689 3383 816 3436 rationem
827 3397 949 3456 prestare
960 3395 1068 3456 propter
1078 3397 1181 3437 vetrum
1196 3382 1254 3436 136.

382 3476 465 3526 Anii!
485 3473 518 3540 95
538 3493 592 3545 seq.
612 3473 719 3528 Nobiles
737 3476 847 3530 Romani
866 3495 919 3531 noa
937 3477 1096 3550 aliquando,
1116 3489 1147 3528 ut
1165 3476 1230 3528 olim
1246 3477 1418 3549 pauperiores

348 3559 454 3610 clientes
470 3555 503 3607 ad
517 3559 627 3627 justam,
643 3574 689 3609 seu
699 3569 796 3611 rectam
808 3576 907 3613 eoenam
919 3561 1080 3626 invitabant,
1092 3559 1136 3612 sed
1147 3569 1255 3631 propter
1264 3557 1418 3630 quotidiana

347 3641 529 3694 salutationum
541 3640 639 3703 oliicia,
649 3646 779 3708 spomtlarn
792 3643 899 3704 dabant.
912 3660 958 3697 seu
968 3645 1128 3718 sportellam,
1139 3643 1190 3696 hoc
1200 3655 1249 3706 est,
1262 3643 1396 3696 corbulam
1411 3685 1420 3712 ,

347 3741 405 3796 qun
417 3723 459 3776 rel
473 3723 569 3776 cibaria
584 3726 626 3793 (et
639 3724 760 3795 quidem,
774 3740 803 3779 ut
816 3739 926 3800 putant,
941 3727 1028 3800 qualia
1040 3743 1087 3781 nos
1098 3725 1198 3780 Gallice
1207 3727 1418 3796 uinndesfroides

769 3861 998 3885 mmmmm·

384 3958 393 3982 ¹
412 3947 532 3998 vilarum
550 3961 705 3998 remunerata
724 3951 859 3998 multitudi-
902 3951 999 4001 Crateti.
1017 3952 1096 4000 Laud.
1115 3952 1194 4012 17a83
1210 3951 1313 4014 znggeri
1332 3953 1419 4001 Venis,

346 4041 417 4085 uem,
427 4026 630 4092 magnilleeutiam
641 4041 664 4076 et
675 4029 860 4093 amplitudinem
907 4032 989 4090 ¹7⁴⁶t
1010 4030 1090 4078 Adam
1103 4029 1180 4078 loutl.
1200 4030 1282 4090 reem
1298 4029 1417 4088 conum,

349 4105 477 4168 diligenter
503 4107 684 4172 descripserunt
711 4109 805 4172 Lipeiar
828 4108 860 4155 de
904 4108 1032 4168 Felibien,
1049 4120 1073 4157 et
1090 4107 1140 4156 elli.
1157 4107 1324 4157 Censorini-e
1341 4109 1418 4169 m,

349 4185 519 4250 Magnitudint
542 4187 708 4236 Romanorum
730 4189 786 4246 ill,
813 4195 860 4246 ιω
906 4189 939 4236 it
953 4204 1004 4254 seq.
