<?xml version="1.0" encoding="UTF-8"?>
<!DOCTYPE html PUBLIC "-//W3C//DTD XHTML 1.0 Transitional//EN"
    "http://www.w3.org/TR/xhtml1/DTD/xhtml1-transitional.dtd">
<html xmlns="http://www.w3.org/1999/xhtml" xml:lang="en" lang="en">
 <head>
  <title>
</title>
<meta http-equiv="Content-Type" content="text/html;charset=utf-8" />
  <meta name='ocr-system' content='tesseract 3.04.00' />
  <meta name='ocr-capabilities' content='ocr_page ocr_carea ocr_par ocr_line ocrx_word'/>
</head>
<body>
  <div class='ocr_page' id='page_1' title='image "./sexdecimsatir01lemagoog_0306.png"; bbox 0 0 3108 4986; ppageno 0'>
   <div class='ocr_carea' id='block_1_1' title="bbox 390 399 1212 482">
    <p class='ocr_par' dir='ltr' id='par_1_1' title="bbox 390 399 1212 482">
     <span class='ocr_line' id='line_1_1' title="bbox 390 399 1212 482; baseline 0.007 -19"><span class='ocrx_word' id='word_1_1' title='bbox 390 429 395 442; x_wconf 89' lang='lat'><strong>·</strong></span> <span class='ocrx_word' id='word_1_2' title='bbox 467 399 659 464; x_wconf 77' lang='lat' dir='ltr'><strong>sarton</strong></span> <span class='ocrx_word' id='word_1_3' title='bbox 683 399 890 482; x_wconf 82' lang='lat' dir='ltr'><strong>QUINTA.</strong></span> <span class='ocrx_word' id='word_1_4' title='bbox 1152 403 1212 470; x_wconf 81' lang='lat'><strong>285</strong></span> 
     </span>
    </p>
   </div>
   <div class='ocr_carea' id='block_1_2' title="bbox 104 511 1219 1598">
    <p class='ocr_par' dir='ltr' id='par_1_2' title="bbox 140 511 981 609">
     <span class='ocr_line' id='line_1_2' title="bbox 140 511 981 609; baseline 0.004 -30"><span class='ocrx_word' id='word_1_5' title='bbox 140 512 254 606; x_wconf 80' lang='lat' dir='ltr'><strong>Iurgia</strong></span> <span class='ocrx_word' id='word_1_6' title='bbox 269 511 476 608; x_wconf 81' lang='lat' dir='ltr'><strong>proluduut3</strong></span> <span class='ocrx_word' id='word_1_7' title='bbox 493 512 552 584; x_wconf 86' lang='lat' dir='ltr'><strong>aed</strong></span> <span class='ocrx_word' id='word_1_8' title='bbox 566 537 644 584; x_wconf 78' lang='lat' dir='ltr'><strong>mox</strong></span> <span class='ocrx_word' id='word_1_9' title='bbox 659 527 694 582; x_wconf 87' lang='lat' dir='ltr'><strong>et</strong></span> <span class='ocrx_word' id='word_1_10' title='bbox 709 512 830 609; x_wconf 85' lang='lat' dir='ltr'><strong>pocula</strong></span> <span class='ocrx_word' id='word_1_11' title='bbox 844 528 981 608; x_wconf 82' lang='lat' dir='ltr'>torques</span> 
     </span>
    </p>

    <p class='ocr_par' dir='ltr' id='par_1_3' title="bbox 139 621 953 718">
     <span class='ocr_line' id='line_1_3' title="bbox 139 621 953 718; baseline 0.001 -29"><span class='ocrx_word' id='word_1_12' title='bbox 139 621 299 708; x_wconf 76' lang='lat' dir='ltr'><strong>SauciuS,</strong></span> <span class='ocrx_word' id='word_1_13' title='bbox 316 638 351 692; x_wconf 87' lang='lat' dir='ltr'><strong>et</strong></span> <span class='ocrx_word' id='word_1_14' title='bbox 370 623 470 692; x_wconf 91' lang='lat' dir='ltr'><strong>rubra</strong></span> <span class='ocrx_word' id='word_1_15' title='bbox 486 623 642 718; x_wconf 80' lang='lat' dir='ltr'><strong>deterges</strong></span> <span class='ocrx_word' id='word_1_16' title='bbox 659 621 799 691; x_wconf 85' lang='lat' dir='ltr'><strong>vulnera</strong></span> <span class='ocrx_word' id='word_1_17' title='bbox 814 647 953 718; x_wconf 82' lang='lat' dir='ltr'>mappa,</span> 
     </span>
    </p>

    <p class='ocr_par' dir='ltr' id='par_1_4' title="bbox 139 733 935 828">
     <span class='ocr_line' id='line_1_4' title="bbox 139 733 935 828; baseline 0.005 -30"><span class='ocrx_word' id='word_1_18' title='bbox 139 733 233 799; x_wconf 85' lang='lat' dir='ltr'><strong>Inter</strong></span> <span class='ocrx_word' id='word_1_19' title='bbox 248 757 312 804; x_wconf 86' lang='lat' dir='ltr'><strong>vos</strong></span> <span class='ocrx_word' id='word_1_20' title='bbox 324 735 458 828; x_wconf 86' lang='lat' dir='ltr'><strong>quoties</strong></span> <span class='ocrx_word' id='word_1_21' title='bbox 475 733 741 826; x_wconf 79' lang='lat' dir='ltr'>libertorumque</span> <span class='ocrx_word' id='word_1_22' title='bbox 758 733 935 802; x_wconf 80' lang='lat' dir='ltr'><strong>cohortem</strong></span> 
     </span>
    </p>

    <p class='ocr_par' dir='ltr' id='par_1_5' title="bbox 140 842 923 939">
     <span class='ocr_line' id='line_1_5' title="bbox 140 842 923 939; baseline 0.004 -30"><span class='ocrx_word' id='word_1_23' title='bbox 140 844 257 937; x_wconf 83' lang='lat' dir='ltr'><strong>Pugna</strong></span> <span class='ocrx_word' id='word_1_24' title='bbox 276 845 464 939; x_wconf 84' lang='lat' dir='ltr'><strong>Saguntina</strong></span> <span class='ocrx_word' id='word_1_25' title='bbox 478 843 587 913; x_wconf 77' lang='lat' dir='ltr'><strong>fervet</strong></span> <span class='ocrx_word' id='word_1_26' title='bbox 603 843 778 913; x_wconf 85' lang='lat' dir='ltr'><strong>commissa</strong></span> <span class='ocrx_word' id='word_1_27' title='bbox 795 842 923 938; x_wconf 83' lang='lat' dir='ltr'><strong>lagena.</strong></span> 
     </span>
    </p>

    <p class='ocr_par' dir='ltr' id='par_1_6' title="bbox 139 952 855 1048">
     <span class='ocr_line' id='line_1_6' title="bbox 139 952 855 1048; baseline 0.003 -29"><span class='ocrx_word' id='word_1_28' title='bbox 139 953 216 1046; x_wconf 89' lang='lat' dir='ltr'><strong>lpse</strong></span> <span class='ocrx_word' id='word_1_29' title='bbox 231 952 391 1048; x_wconf 88' lang='lat' dir='ltr'><strong>capillato</strong></span> <span class='ocrx_word' id='word_1_30' title='bbox 407 953 568 1024; x_wconf 78' lang='lat' dir='ltr'><strong>diffusum</strong></span> <span class='ocrx_word' id='word_1_31' title='bbox 586 952 723 1024; x_wconf 80' lang='lat' dir='ltr'><strong>consule</strong></span> <span class='ocrx_word' id='word_1_32' title='bbox 739 968 855 1047; x_wconf 82' lang='lat' dir='ltr'><strong>potat,</strong></span> 
     </span>
    </p>

    <p class='ocr_par' dir='ltr' id='par_1_7' title="bbox 104 1063 925 1158">
     <span class='ocr_line' id='line_1_7' title="bbox 104 1063 925 1158; baseline 0 -27"><span class='ocrx_word' id='word_1_33' title='bbox 104 1083 111 1096; x_wconf 82' lang='grc'><em>·</em></span> <span class='ocrx_word' id='word_1_34' title='bbox 140 1063 379 1158; x_wconf 73' lang='lat' dir='ltr'><strong>calcatamque</strong></span> <span class='ocrx_word' id='word_1_35' title='bbox 394 1079 488 1134; x_wconf 87' lang='lat' dir='ltr'><strong>tenet</strong></span> <span class='ocrx_word' id='word_1_36' title='bbox 503 1064 599 1134; x_wconf 82' lang='lat' dir='ltr'><strong>bellis</strong></span> <span class='ocrx_word' id='word_1_37' title='bbox 614 1063 793 1134; x_wconf 82' lang='lat' dir='ltr'><strong>socialibus</strong></span> <span class='ocrx_word' id='word_1_38' title='bbox 808 1087 925 1148; x_wconf 87' lang='lat' dir='ltr'><strong>uvam,</strong></span> 
     </span>
    </p>

    <p class='ocr_par' dir='ltr' id='par_1_8' title="bbox 141 1171 997 1268">
     <span class='ocr_line' id='line_1_8' title="bbox 141 1171 997 1268; baseline 0.001 -26"><span class='ocrx_word' id='word_1_39' title='bbox 141 1171 307 1242; x_wconf 73' lang='lat' dir='ltr'><strong>camiaco</strong></span> <span class='ocrx_word' id='word_1_40' title='bbox 323 1197 509 1268; x_wconf 75' lang='lat' dir='ltr'><strong>numquam</strong></span> <span class='ocrx_word' id='word_1_41' title='bbox 526 1173 685 1268; x_wconf 84' lang='lat' dir='ltr'><strong>cyathum</strong></span> <span class='ocrx_word' id='word_1_42' title='bbox 700 1175 861 1244; x_wconf 76' lang='lat' dir='ltr'><strong>missurus</strong></span> <span class='ocrx_word' id='word_1_43' title='bbox 876 1173 997 1243; x_wconf 86' lang='lat' dir='ltr'><strong>amico.</strong></span> 
     </span>
    </p>

    <p class='ocr_par' dir='ltr' id='par_1_9' title="bbox 142 1280 1024 1376">
     <span class='ocr_line' id='line_1_9' title="bbox 142 1280 1024 1376; baseline 0.001 -26"><span class='ocrx_word' id='word_1_44' title='bbox 142 1283 222 1350; x_wconf 80' lang='lat' dir='ltr'><strong>Cras</strong></span> <span class='ocrx_word' id='word_1_45' title='bbox 239 1281 336 1350; x_wconf 89' lang='lat' dir='ltr'><strong>bibet</strong></span> <span class='ocrx_word' id='word_1_46' title='bbox 352 1280 491 1350; x_wconf 79' lang='lat' dir='ltr'><strong>Albania</strong></span> <span class='ocrx_word' id='word_1_47' title='bbox 504 1281 630 1376; x_wconf 86' lang='lat' dir='ltr'><strong>aliquid</strong></span> <span class='ocrx_word' id='word_1_48' title='bbox 646 1282 688 1351; x_wconf 90' lang='lat' dir='ltr'><strong>de</strong></span> <span class='ocrx_word' id='word_1_49' title='bbox 704 1283 967 1372; x_wconf 86' lang='lat' dir='ltr'><strong>montibua,·aut</strong></span> <span class='ocrx_word' id='word_1_50' title='bbox 981 1282 1024 1352; x_wconf 86' lang='lat' dir='ltr'><strong>de</strong></span> 
     </span>
    </p>

    <p class='ocr_par' dir='ltr' id='par_1_10' title="bbox 142 1389 951 1487">
     <span class='ocr_line' id='line_1_10' title="bbox 142 1389 951 1487; baseline 0.007 -31"><span class='ocrx_word' id='word_1_51' title='bbox 142 1389 283 1474; x_wconf 88' lang='lat' dir='ltr'><strong>Setinis,</strong></span> <span class='ocrx_word' id='word_1_52' title='bbox 301 1391 399 1482; x_wconf 87' lang='lat' dir='ltr'><strong>cujus</strong></span> <span class='ocrx_word' id='word_1_53' title='bbox 417 1391 560 1486; x_wconf 89' lang='lat' dir='ltr'><strong>patriam</strong></span> <span class='ocrx_word' id='word_1_54' title='bbox 576 1391 779 1487; x_wconf 82' lang='lat' dir='ltr'><strong>titulumque</strong></span> <span class='ocrx_word' id='word_1_55' title='bbox 796 1408 951 1462; x_wconf 83' lang='lat' dir='ltr'><strong>senectus</strong></span> 
     </span>
    </p>

    <p class='ocr_par' dir='ltr' id='par_1_11' title="bbox 142 1499 1219 1598">
     <span class='ocr_line' id='line_1_11' title="bbox 142 1499 1219 1598; baseline 0.004 -28"><span class='ocrx_word' id='word_1_56' title='bbox 142 1499 281 1570; x_wconf 88' lang='lat' dir='ltr'><strong>Delevit</strong></span> <span class='ocrx_word' id='word_1_57' title='bbox 295 1501 404 1570; x_wconf 85' lang='lat' dir='ltr'><strong>multa</strong></span> <span class='ocrx_word' id='word_1_58' title='bbox 421 1502 544 1571; x_wconf 82' lang='lat' dir='ltr'><strong>veteris</strong></span> <span class='ocrx_word' id='word_1_59' title='bbox 559 1501 703 1598; x_wconf 82' lang='lat' dir='ltr'><strong>fuligine</strong></span> <span class='ocrx_word' id='word_1_60' title='bbox 720 1519 830 1590; x_wconf 85' lang='lat' dir='ltr'><strong>testae3</strong></span> <span class='ocrx_word' id='word_1_61' title='bbox 883 1529 885 1534; x_wconf 69' lang='grc'>’</span> <span class='ocrx_word' id='word_1_62' title='bbox 1185 1521 1219 1574; x_wconf 80' lang='lat'><strong>35</strong></span> 
     </span>
    </p>
   </div>
   <div class='ocr_carea' id='block_1_3' title="bbox 106 1603 1219 2143">
    <p class='ocr_par' dir='ltr' id='par_1_12' title="bbox 142 1603 1030 1820">
     <span class='ocr_line' id='line_1_12' title="bbox 142 1603 1030 1712; baseline 0.006 -35"><span class='ocrx_word' id='word_1_63' title='bbox 142 1608 251 1698; x_wconf 85' lang='lat' dir='ltr'><strong>Quale</strong></span> <span class='ocrx_word' id='word_1_64' title='bbox 269 1613 423 1680; x_wconf 85' lang='lat' dir='ltr'><strong>coronati</strong></span> <span class='ocrx_word' id='word_1_65' title='bbox 440 1603 589 1682; x_wconf 83' lang='lat' dir='ltr'><strong>Thrasea</strong></span> <span class='ocrx_word' id='word_1_66' title='bbox 604 1613 850 1712; x_wconf 69' lang='lat' dir='ltr'><strong>Heluidiuaque</strong></span> <span class='ocrx_word' id='word_1_67' title='bbox 867 1614 1030 1684; x_wconf 83' lang='lat' dir='ltr'><strong>bibebant</strong></span> 
     </span>
     <span class='ocr_line' id='line_1_13' title="bbox 146 1723 939 1820; baseline 0.005 -32"><span class='ocrx_word' id='word_1_68' title='bbox 146 1723 333 1788; x_wconf 89' lang='lat' dir='ltr'><strong>Brutorum</strong></span> <span class='ocrx_word' id='word_1_69' title='bbox 352 1736 388 1790; x_wconf 88' lang='lat' dir='ltr'><strong>et</strong></span> <span class='ocrx_word' id='word_1_70' title='bbox 401 1723 493 1792; x_wconf 82' lang='lat' dir='ltr'><strong>Casei</strong></span> <span class='ocrx_word' id='word_1_71' title='bbox 510 1723 685 1794; x_wconf 80' lang='lat' dir='ltr'><strong>natalibus.</strong></span> <span class='ocrx_word' id='word_1_72' title='bbox 705 1724 783 1820; x_wconf 81' lang='lat' dir='ltr'><strong>Ipse</strong></span> <span class='ocrx_word' id='word_1_73' title='bbox 799 1745 939 1818; x_wconf 81' lang='lat' dir='ltr'><strong>capuces</strong></span> 
     </span>
    </p>

    <p class='ocr_par' dir='ltr' id='par_1_13' title="bbox 143 1829 977 1928">
     <span class='ocr_line' id='line_1_14' title="bbox 143 1829 977 1928; baseline 0.008 -32"><span class='ocrx_word' id='word_1_74' title='bbox 143 1829 325 1898; x_wconf 86' lang='lat' dir='ltr'><strong>Heliadum</strong></span> <span class='ocrx_word' id='word_1_75' title='bbox 344 1847 486 1916; x_wconf 81' lang='lat' dir='ltr'><strong>crustas,</strong></span> <span class='ocrx_word' id='word_1_76' title='bbox 504 1847 538 1900; x_wconf 88' lang='lat' dir='ltr'><strong>et</strong></span> <span class='ocrx_word' id='word_1_77' title='bbox 554 1833 734 1926; x_wconf 71' lang='lat' dir='ltr'><strong>inequales</strong></span> <span class='ocrx_word' id='word_1_78' title='bbox 749 1833 880 1928; x_wconf 85' lang='lat' dir='ltr'><strong>beryllo</strong></span> <span class='ocrx_word' id='word_1_79' title='bbox 974 1883 977 1892; x_wconf 89' lang='lat'>.</span> 
     </span>
    </p>

    <p class='ocr_par' dir='ltr' id='par_1_14' title="bbox 106 1932 1092 2034">
     <span class='ocr_line' id='line_1_15' title="bbox 106 1932 1092 2034; baseline 0.002 -26"><span class='ocrx_word' id='word_1_80' title='bbox 106 1932 109 1936; x_wconf 53' lang='grc'>’</span> <span class='ocrx_word' id='word_1_81' title='bbox 145 1940 248 2008; x_wconf 86' lang='lat' dir='ltr'><strong>Virro</strong></span> <span class='ocrx_word' id='word_1_82' title='bbox 264 1955 361 2008; x_wconf 87' lang='lat' dir='ltr'><strong>tenet</strong></span> <span class='ocrx_word' id='word_1_83' title='bbox 377 1939 504 2034; x_wconf 85' lang='lat' dir='ltr'><strong>phialas</strong></span> <span class='ocrx_word' id='word_1_84' title='bbox 521 1965 530 2007; x_wconf 73' lang='grc' dir='ltr'><strong><em>ε</em></strong></span> <span class='ocrx_word' id='word_1_85' title='bbox 548 1941 611 2008; x_wconf 88' lang='lat' dir='ltr'><strong>tibi</strong></span> <span class='ocrx_word' id='word_1_86' title='bbox 626 1965 697 2008; x_wconf 90' lang='lat' dir='ltr'><strong>non</strong></span> <span class='ocrx_word' id='word_1_87' title='bbox 716 1939 942 2009; x_wconf 83' lang='lat' dir='ltr'><strong>committitur</strong></span> <span class='ocrx_word' id='word_1_88' title='bbox 956 1963 1092 2030; x_wconf 89' lang='lat' dir='ltr'><strong>aurum;</strong></span> 
     </span>
    </p>

    <p class='ocr_par' dir='ltr' id='par_1_15' title="bbox 146 2045 1219 2143">
     <span class='ocr_line' id='line_1_16' title="bbox 146 2045 1219 2143; baseline 0.002 -27"><span class='ocrx_word' id='word_1_89' title='bbox 146 2048 227 2137; x_wconf 88' lang='lat' dir='ltr'><strong>Vel,</strong></span> <span class='ocrx_word' id='word_1_90' title='bbox 244 2049 274 2117; x_wconf 90' lang='lat' dir='ltr'><strong>si</strong></span> <span class='ocrx_word' id='word_1_91' title='bbox 291 2049 429 2143; x_wconf 81' lang='lat' dir='ltr'><strong>quaudo</strong></span> <span class='ocrx_word' id='word_1_92' title='bbox 445 2049 556 2135; x_wconf 87' lang='lat' dir='ltr'><strong>detur,</strong></span> <span class='ocrx_word' id='word_1_93' title='bbox 574 2065 686 2119; x_wconf 80' lang='lat' dir='ltr'><strong>custos</strong></span> <span class='ocrx_word' id='word_1_94' title='bbox 701 2049 820 2120; x_wconf 75' lang='lat' dir='ltr'><strong>affixus</strong></span> <span class='ocrx_word' id='word_1_95' title='bbox 837 2045 981 2133; x_wconf 87' lang='lat' dir='ltr'><strong>ibidem,</strong></span> <span class='ocrx_word' id='word_1_96' title='bbox 1050 2101 1053 2112; x_wconf 86' lang='lat'>.</span> <span class='ocrx_word' id='word_1_97' title='bbox 1118 2117 1123 2134; x_wconf 78' lang='grc'><strong>,</strong></span> <span class='ocrx_word' id='word_1_98' title='bbox 1184 2080 1219 2137; x_wconf 72' lang='lat'><strong>4⁰</strong></span> 
     </span>
    </p>
   </div>
   <div class='ocr_carea' id='block_1_4' title="bbox 119 2289 1280 4216">
    <p class='ocr_par' dir='ltr' id='par_1_16' title="bbox 119 2289 1280 4216">
     <span class='ocr_line' id='line_1_17' title="bbox 148 2289 1221 2368; baseline 0.007 -22"><span class='ocrx_word' id='word_1_99' title='bbox 148 2292 253 2348; x_wconf 83' lang='lat' dir='ltr'><strong>Vinum</strong></span> <span class='ocrx_word' id='word_1_100' title='bbox 263 2289 319 2346; x_wconf 90' lang='lat' dir='ltr'><strong>tibi</strong></span> <span class='ocrx_word' id='word_1_101' title='bbox 328 2290 388 2364; x_wconf 82' lang='lat' dir='ltr'><strong>jam</strong></span> <span class='ocrx_word' id='word_1_102' title='bbox 398 2291 457 2346; x_wconf 85' lang='lat' dir='ltr'><strong>vile</strong></span> <span class='ocrx_word' id='word_1_103' title='bbox 466 2295 654 2366; x_wconf 84' lang='lat' dir='ltr'><strong>propinatur,</strong></span> <span class='ocrx_word' id='word_1_104' title='bbox 666 2301 700 2346; x_wconf 89' lang='lat' dir='ltr'><strong>ut</strong></span> <span class='ocrx_word' id='word_1_105' title='bbox 710 2289 747 2346; x_wconf 87' lang='lat' dir='ltr'><strong>ad</strong></span> <span class='ocrx_word' id='word_1_106' title='bbox 761 2290 855 2345; x_wconf 84' lang='lat' dir='ltr'><strong>lanam</strong></span> <span class='ocrx_word' id='word_1_107' title='bbox 865 2307 928 2363; x_wconf 81' lang='lat' dir='ltr'><strong>quae</strong></span> <span class='ocrx_word' id='word_1_108' title='bbox 942 2291 1047 2348; x_wconf 80' lang='lat' dir='ltr'><strong>succisa</strong></span> <span class='ocrx_word' id='word_1_109' title='bbox 1060 2295 1096 2350; x_wconf 89' lang='lat' dir='ltr'><strong>sit</strong></span> <span class='ocrx_word' id='word_1_110' title='bbox 1109 2315 1221 2368; x_wconf 88' lang='lat' dir='ltr'><strong>recens,</strong></span> 
     </span>
     <span class='ocr_line' id='line_1_18' title="bbox 148 2377 1223 2462; baseline 0.006 -23"><span class='ocrx_word' id='word_1_111' title='bbox 148 2393 176 2439; x_wconf 84' lang='lat' dir='ltr'><strong>et</strong></span> <span class='ocrx_word' id='word_1_112' title='bbox 185 2382 326 2458; x_wconf 79' lang='lat' dir='ltr'><strong>tingendo</strong></span> <span class='ocrx_word' id='word_1_113' title='bbox 334 2381 430 2440; x_wconf 79' lang='lat' dir='ltr'><strong>alieno</strong></span> <span class='ocrx_word' id='word_1_114' title='bbox 441 2379 554 2452; x_wconf 88' lang='lat' dir='ltr'><strong>colore,</strong></span> <span class='ocrx_word' id='word_1_115' title='bbox 567 2383 618 2438; x_wconf 74' lang='lat' dir='ltr'><strong>vix</strong></span> <span class='ocrx_word' id='word_1_116' title='bbox 629 2377 833 2451; x_wconf 71' lang='lat' dir='ltr'><strong>adhibereturt</strong></span> <span class='ocrx_word' id='word_1_117' title='bbox 846 2377 927 2456; x_wconf 89' lang='lat' dir='ltr'><strong>qnod</strong></span> <span class='ocrx_word' id='word_1_118' title='bbox 938 2383 1057 2442; x_wconf 72' lang='lat' dir='ltr'><strong>iunceis</strong></span> <span class='ocrx_word' id='word_1_119' title='bbox 1066 2389 1223 2462; x_wconf 77' lang='lat' dir='ltr'><strong>vaporibus</strong></span> 
     </span>
     <span class='ocr_line' id='line_1_19' title="bbox 148 2473 1224 2556; baseline 0.007 -26"><span class='ocrx_word' id='word_1_120' title='bbox 148 2475 186 2530; x_wconf 77' lang='lat' dir='ltr'><strong>ita</strong></span> <span class='ocrx_word' id='word_1_121' title='bbox 200 2486 284 2530; x_wconf 86' lang='lat' dir='ltr'><strong>tuum</strong></span> <span class='ocrx_word' id='word_1_122' title='bbox 297 2485 384 2548; x_wconf 85' lang='lat' dir='ltr'><strong>caput</strong></span> <span class='ocrx_word' id='word_1_123' title='bbox 397 2475 564 2548; x_wconf 82' lang='lat' dir='ltr'><strong>perturbet,</strong></span> <span class='ocrx_word' id='word_1_124' title='bbox 579 2485 613 2530; x_wconf 86' lang='lat' dir='ltr'><strong>ut</strong></span> <span class='ocrx_word' id='word_1_125' title='bbox 626 2475 678 2549; x_wconf 88' lang='lat' dir='ltr'><strong>qui</strong></span> <span class='ocrx_word' id='word_1_126' title='bbox 690 2488 809 2530; x_wconf 69' lang='lat' dir='ltr'><strong>venerea</strong></span> <span class='ocrx_word' id='word_1_127' title='bbox 822 2475 963 2544; x_wconf 74' lang='lat' dir='ltr'><strong>conviva,</strong></span> <span class='ocrx_word' id='word_1_128' title='bbox 976 2473 1028 2532; x_wconf 82' lang='lat' dir='ltr'><strong>liat</strong></span> <span class='ocrx_word' id='word_1_129' title='bbox 1037 2475 1121 2535; x_wconf 78' lang='lat' dir='ltr'><strong>brevi</strong></span> <span class='ocrx_word' id='word_1_130' title='bbox 1132 2482 1224 2556; x_wconf 82' lang='lat' dir='ltr'><strong>Cory-</strong></span> 
     </span>
     <span class='ocr_line' id='line_1_20' title="bbox 119 2564 1223 2645; baseline 0.005 -23"><span class='ocrx_word' id='word_1_131' title='bbox 119 2567 123 2572; x_wconf 82' lang='lat'>&#39;</span> <span class='ocrx_word' id='word_1_132' title='bbox 148 2567 211 2636; x_wconf 75' lang='lat' dir='ltr'><strong>bu3</strong></span> <span class='ocrx_word' id='word_1_133' title='bbox 226 2585 262 2622; x_wconf 86' lang='lat' dir='ltr'><strong>ac</strong></span> <span class='ocrx_word' id='word_1_134' title='bbox 275 2564 365 2620; x_wconf 84' lang='lat' dir='ltr'><strong>initio</strong></span> <span class='ocrx_word' id='word_1_135' title='bbox 375 2565 495 2638; x_wconf 77' lang='lat' dir='ltr'><strong>quidem</strong></span> <span class='ocrx_word' id='word_1_136' title='bbox 515 2566 546 2622; x_wconf 87' lang='lat' dir='ltr'><strong>in</strong></span> <span class='ocrx_word' id='word_1_137' title='bbox 562 2565 692 2622; x_wconf 80' lang='lat' dir='ltr'><strong>convicit</strong></span> <span class='ocrx_word' id='word_1_138' title='bbox 702 2564 875 2640; x_wconf 32' lang='lat' dir='ltr'><strong>*prorumpis</strong></span> <span class='ocrx_word' id='word_1_139' title='bbox 893 2577 922 2622; x_wconf 88' lang='lat' dir='ltr'><strong>et</strong></span> <span class='ocrx_word' id='word_1_140' title='bbox 932 2566 1045 2644; x_wconf 78' lang='lat' dir='ltr'><strong>jungin3</strong></span> <span class='ocrx_word' id='word_1_141' title='bbox 1062 2589 1131 2626; x_wconf 87' lang='lat' dir='ltr'><strong>mox</strong></span> <span class='ocrx_word' id='word_1_142' title='bbox 1146 2571 1223 2645; x_wconf 83' lang='lat' dir='ltr'><strong>ipaot</strong></span> 
     </span>
     <span class='ocr_line' id='line_1_21' title="bbox 148 2658 1223 2739; baseline 0.006 -25"><span class='ocrx_word' id='word_1_143' title='bbox 148 2660 269 2736; x_wconf 69' lang='lat' dir='ltr'><strong>cyathos</strong></span> <span class='ocrx_word' id='word_1_144' title='bbox 279 2658 431 2732; x_wconf 72' lang='lat' dir='ltr'><strong>jacularis,</strong></span> <span class='ocrx_word' id='word_1_145' title='bbox 447 2671 477 2715; x_wconf 84' lang='lat' dir='ltr'><strong>et</strong></span> <span class='ocrx_word' id='word_1_146' title='bbox 491 2658 525 2718; x_wconf 72' lang='lat' dir='ltr'><strong>iis</strong></span> <span class='ocrx_word' id='word_1_147' title='bbox 540 2658 665 2716; x_wconf 70' lang='lat' dir='ltr'><strong>vicissim</strong></span> <span class='ocrx_word' id='word_1_148' title='bbox 684 2658 790 2733; x_wconf 74' lang='lat' dir='ltr'><strong>petitur</strong></span> <span class='ocrx_word' id='word_1_149' title='bbox 806 2675 838 2714; x_wconf 82' lang='lat' dir='ltr'><strong>ac</strong></span> <span class='ocrx_word' id='word_1_150' title='bbox 854 2659 1038 2732; x_wconf 78' lang='lat' dir='ltr'><strong>vulneratur,</strong></span> <span class='ocrx_word' id='word_1_151' title='bbox 1055 2664 1223 2739; x_wconf 79' lang='lat' dir='ltr'><strong>sanguinem</strong></span> 
     </span>
     <span class='ocr_line' id='line_1_22' title="bbox 147 2749 1223 2828; baseline 0.006 -20"><span class='ocrx_word' id='word_1_152' title='bbox 147 2753 291 2827; x_wconf 69' lang='lat' dir='ltr'><strong>abstergis</strong></span> <span class='ocrx_word' id='word_1_153' title='bbox 304 2763 424 2808; x_wconf 80' lang='lat' dir='ltr'><strong>eruenta</strong></span> <span class='ocrx_word' id='word_1_154' title='bbox 437 2766 555 2826; x_wconf 76' lang='lat' dir='ltr'><strong>mappa,</strong></span> <span class='ocrx_word' id='word_1_155' title='bbox 570 2752 684 2827; x_wconf 85' lang='lat' dir='ltr'><strong>qnotiea</strong></span> <span class='ocrx_word' id='word_1_156' title='bbox 699 2750 778 2808; x_wconf 86' lang='lat' dir='ltr'><strong>inter</strong></span> <span class='ocrx_word' id='word_1_157' title='bbox 790 2751 858 2808; x_wconf 83' lang='lat' dir='ltr'><strong>bino</strong></span> <span class='ocrx_word' id='word_1_158' title='bbox 872 2763 996 2810; x_wconf 74' lang='lat' dir='ltr'><strong>ventrem</strong></span> <span class='ocrx_word' id='word_1_159' title='bbox 1012 2749 1223 2828; x_wconf 72' lang='lat' dir='ltr'><strong>parasitorum,</strong></span> 
     </span>
     <span class='ocr_line' id='line_1_23' title="bbox 148 2843 1225 2924; baseline 0.004 -22"><span class='ocrx_word' id='word_1_160' title='bbox 148 2845 216 2902; x_wconf 83' lang='lat' dir='ltr'><strong>inde</strong></span> <span class='ocrx_word' id='word_1_161' title='bbox 237 2860 313 2900; x_wconf 82' lang='lat' dir='ltr'><strong>vero</strong></span> <span class='ocrx_word' id='word_1_162' title='bbox 333 2844 506 2900; x_wconf 84' lang='lat' dir='ltr'><strong>libertorum</strong></span> <span class='ocrx_word' id='word_1_163' title='bbox 526 2843 615 2900; x_wconf 79' lang='lat' dir='ltr'><strong>aciem</strong></span> <span class='ocrx_word' id='word_1_164' title='bbox 636 2843 741 2900; x_wconf 83' lang='lat' dir='ltr'><strong>exarslt</strong></span> <span class='ocrx_word' id='word_1_165' title='bbox 757 2855 919 2916; x_wconf 71' lang='lat' dir='ltr'><strong>certamen,</strong></span> <span class='ocrx_word' id='word_1_166' title='bbox 937 2846 968 2901; x_wconf 84' lang='lat' dir='ltr'><strong>in</strong></span> <span class='ocrx_word' id='word_1_167' title='bbox 992 2863 1051 2921; x_wconf 88' lang='lat' dir='ltr'><strong>quo</strong></span> <span class='ocrx_word' id='word_1_168' title='bbox 1067 2849 1180 2924; x_wconf 68' lang='lat' dir='ltr'><strong>scyphis</strong></span> <span class='ocrx_word' id='word_1_169' title='bbox 1195 2860 1225 2906; x_wconf 85' lang='lat' dir='ltr'><strong>et</strong></span> 
     </span>
     <span class='ocr_line' id='line_1_24' title="bbox 148 2935 1225 3016; baseline 0.006 -23"><span class='ocrx_word' id='word_1_170' title='bbox 148 2938 262 3014; x_wconf 67' lang='lat' dir='ltr'><strong>poculis</strong></span> <span class='ocrx_word' id='word_1_171' title='bbox 269 2935 438 3013; x_wconf 74' lang='lat' dir='ltr'><strong>Saguntinis</strong></span> <span class='ocrx_word' id='word_1_172' title='bbox 445 2948 583 3011; x_wconf 75' lang='lat' dir='ltr'><strong>tanquam</strong></span> <span class='ocrx_word' id='word_1_173' title='bbox 589 2936 690 3009; x_wconf 80' lang='lat' dir='ltr'><strong>jaculis</strong></span> <span class='ocrx_word' id='word_1_174' title='bbox 699 2953 746 2992; x_wconf 78' lang='lat' dir='ltr'><strong>rea</strong></span> <span class='ocrx_word' id='word_1_175' title='bbox 754 2937 874 3012; x_wconf 77' lang='lat' dir='ltr'><strong>geritur.</strong></span> <span class='ocrx_word' id='word_1_176' title='bbox 887 2941 951 3013; x_wconf 76' lang='lat' dir='ltr'><strong>Ipse</strong></span> <span class='ocrx_word' id='word_1_177' title='bbox 961 2935 1075 2996; x_wconf 85' lang='lat' dir='ltr'><strong>interim</strong></span> <span class='ocrx_word' id='word_1_178' title='bbox 1084 2949 1225 3016; x_wconf 77' lang='lat' dir='ltr'><strong>patronut</strong></span> 
     </span>
     <span class='ocr_line' id='line_1_25' title="bbox 148 3027 1224 3107; baseline 0.006 -21"><span class='ocrx_word' id='word_1_179' title='bbox 148 3042 245 3088; x_wconf 71' lang='lat' dir='ltr'><strong>venter</strong></span> <span class='ocrx_word' id='word_1_180' title='bbox 254 3041 340 3104; x_wconf 83' lang='lat' dir='ltr'><strong>potat</strong></span> <span class='ocrx_word' id='word_1_181' title='bbox 349 3029 450 3085; x_wconf 77' lang='lat' dir='ltr'><strong>viuum</strong></span> <span class='ocrx_word' id='word_1_182' title='bbox 461 3027 672 3093; x_wconf 77' lang='lat' dir='ltr'><strong>vetutissimum</strong></span> <span class='ocrx_word' id='word_1_183' title='bbox 684 3039 712 3084; x_wconf 90' lang='lat' dir='ltr'><strong>et</strong></span> <span class='ocrx_word' id='word_1_184' title='bbox 723 3029 988 3104; x_wconf 66' lang='lat' dir='ltr'><strong>generosissimum,</strong></span> <span class='ocrx_word' id='word_1_185' title='bbox 999 3032 1032 3087; x_wconf 89' lang='lat' dir='ltr'><strong>in</strong></span> <span class='ocrx_word' id='word_1_186' title='bbox 1042 3035 1195 3107; x_wconf 82' lang='lat' dir='ltr'><strong>amphoras</strong></span> <span class='ocrx_word' id='word_1_187' title='bbox 1207 3053 1224 3092; x_wconf 89' lang='lat' dir='ltr'><strong>e</strong></span> 
     </span>
     <span class='ocr_line' id='line_1_26' title="bbox 148 3121 1223 3200; baseline 0.003 -19"><span class='ocrx_word' id='word_1_188' title='bbox 148 3123 290 3181; x_wconf 70' lang='lat' dir='ltr'><strong>umbri</strong></span> <span class='ocrx_word' id='word_1_189' title='bbox 311 3121 443 3178; x_wconf 75' lang='lat' dir='ltr'><strong>delusum</strong></span> <span class='ocrx_word' id='word_1_190' title='bbox 462 3123 517 3178; x_wconf 75' lang='lat' dir='ltr'><strong>sub</strong></span> <span class='ocrx_word' id='word_1_191' title='bbox 536 3122 633 3196; x_wconf 81' lang='lat' dir='ltr'><strong>aliquo</strong></span> <span class='ocrx_word' id='word_1_192' title='bbox 649 3141 685 3178; x_wconf 81' lang='lat' dir='ltr'><strong>ex</strong></span> <span class='ocrx_word' id='word_1_193' title='bbox 704 3121 828 3196; x_wconf 80' lang='lat' dir='ltr'><strong>antiquis</strong></span> <span class='ocrx_word' id='word_1_194' title='bbox 846 3122 1026 3195; x_wconf 76' lang='lat' dir='ltr'><strong>consulibua,</strong></span> <span class='ocrx_word' id='word_1_195' title='bbox 1044 3125 1095 3200; x_wconf 89' lang='lat' dir='ltr'><strong>qui</strong></span> <span class='ocrx_word' id='word_1_196' title='bbox 1111 3136 1223 3184; x_wconf 84' lang='lat' dir='ltr'><strong>courum</strong></span> 
     </span>
     <span class='ocr_line' id='line_1_27' title="bbox 148 3213 1224 3294; baseline 0.004 -21"><span class='ocrx_word' id='word_1_197' title='bbox 148 3217 315 3293; x_wconf 78' lang='lat' dir='ltr'><strong>longiorem</strong></span> <span class='ocrx_word' id='word_1_198' title='bbox 328 3215 460 3283; x_wconf 78' lang='lat' dir='ltr'><strong>alebant,</strong></span> <span class='ocrx_word' id='word_1_199' title='bbox 474 3225 525 3268; x_wconf 82' lang='lat' dir='ltr'><strong>aut</strong></span> <span class='ocrx_word' id='word_1_200' title='bbox 540 3224 671 3288; x_wconf 87' lang='lat' dir='ltr'><strong>tempore</strong></span> <span class='ocrx_word' id='word_1_201' title='bbox 685 3213 795 3272; x_wconf 76' lang='lat' dir='ltr'><strong>socialia</strong></span> <span class='ocrx_word' id='word_1_202' title='bbox 809 3215 879 3270; x_wconf 86' lang='lat' dir='ltr'><strong>belli</strong></span> <span class='ocrx_word' id='word_1_203' title='bbox 894 3237 901 3270; x_wconf 95' lang='lat'><strong>:</strong></span> <span class='ocrx_word' id='word_1_204' title='bbox 917 3216 965 3271; x_wconf 86' lang='lat' dir='ltr'><strong>cui</strong></span> <span class='ocrx_word' id='word_1_205' title='bbox 978 3217 1049 3273; x_wconf 85' lang='lat' dir='ltr'><strong>vino</strong></span> <span class='ocrx_word' id='word_1_206' title='bbox 1060 3219 1099 3274; x_wconf 84' lang='lat' dir='ltr'><strong>ita</strong></span> <span class='ocrx_word' id='word_1_207' title='bbox 1115 3221 1224 3294; x_wconf 81' lang='lat' dir='ltr'><strong>percit,</strong></span> 
     </span>
     <span class='ocr_line' id='line_1_28' title="bbox 148 3307 1280 3383; baseline 0 -19"><span class='ocrx_word' id='word_1_208' title='bbox 148 3321 182 3366; x_wconf 87' lang='lat' dir='ltr'><strong>ut</strong></span> <span class='ocrx_word' id='word_1_209' title='bbox 195 3310 234 3365; x_wconf 77' lang='lat' dir='ltr'><strong>nd</strong></span> <span class='ocrx_word' id='word_1_210' title='bbox 254 3307 381 3364; x_wconf 73' lang='lat' dir='ltr'><strong>animm</strong></span> <span class='ocrx_word' id='word_1_211' title='bbox 397 3307 546 3362; x_wconf 79' lang='lat' dir='ltr'><strong>stomacho</strong></span> <span class='ocrx_word' id='word_1_212' title='bbox 567 3307 746 3361; x_wconf 85' lang='lat' dir='ltr'><strong>laborantem</strong></span> <span class='ocrx_word' id='word_1_213' title='bbox 762 3307 901 3380; x_wconf 81' lang='lat' dir='ltr'><strong>aeypbnnn</strong></span> <span class='ocrx_word' id='word_1_214' title='bbox 922 3325 1071 3383; x_wconf 72' lang='lat' dir='ltr'><strong>nunquam</strong></span> <span class='ocrx_word' id='word_1_215' title='bbox 1088 3310 1226 3370; x_wconf 71' lang='lat' dir='ltr'><strong>missuros</strong></span> <span class='ocrx_word' id='word_1_216' title='bbox 1278 3359 1280 3364; x_wconf 91' lang='lat'><em>.</em></span> 
     </span>
     <span class='ocr_line' id='line_1_29' title="bbox 148 3397 1225 3474; baseline 0.001 -15"><span class='ocrx_word' id='word_1_217' title='bbox 148 3403 192 3459; x_wconf 77' lang='lat' dir='ltr'><strong>ait.</strong></span> <span class='ocrx_word' id='word_1_218' title='bbox 207 3404 281 3458; x_wconf 76' lang='lat' dir='ltr'><strong>Cras</strong></span> <span class='ocrx_word' id='word_1_219' title='bbox 296 3399 377 3456; x_wconf 79' lang='lat' dir='ltr'><strong>aliud</strong></span> <span class='ocrx_word' id='word_1_220' title='bbox 389 3398 444 3472; x_wconf 74' lang='lat' dir='ltr'><strong>ipsi</strong></span> <span class='ocrx_word' id='word_1_221' title='bbox 454 3397 555 3454; x_wconf 78' lang='lat' dir='ltr'><strong>vinum</strong></span> <span class='ocrx_word' id='word_1_222' title='bbox 567 3397 754 3466; x_wconf 79' lang='lat' dir='ltr'><strong>miscebitur,</strong></span> <span class='ocrx_word' id='word_1_223' title='bbox 769 3408 838 3470; x_wconf 82' lang='lat' dir='ltr'><strong>pou</strong></span> <span class='ocrx_word' id='word_1_224' title='bbox 855 3399 1000 3456; x_wconf 81' lang='lat' dir='ltr'><strong>Albanum</strong></span> <span class='ocrx_word' id='word_1_225' title='bbox 1013 3413 1064 3457; x_wconf 92' lang='lat' dir='ltr'><strong>aut</strong></span> <span class='ocrx_word' id='word_1_226' title='bbox 1077 3404 1225 3474; x_wconf 83' lang='lat' dir='ltr'><strong>Setinum,</strong></span> 
     </span>
     <span class='ocr_line' id='line_1_30' title="bbox 149 3491 1226 3568; baseline 0.001 -18"><span class='ocrx_word' id='word_1_227' title='bbox 149 3496 187 3550; x_wconf 86' lang='lat' dir='ltr'><strong>ita</strong></span> <span class='ocrx_word' id='word_1_228' title='bbox 200 3504 301 3560; x_wconf 82' lang='lat' dir='ltr'><strong>vetus,</strong></span> <span class='ocrx_word' id='word_1_229' title='bbox 318 3503 352 3547; x_wconf 87' lang='lat' dir='ltr'><strong>ut</strong></span> <span class='ocrx_word' id='word_1_230' title='bbox 365 3509 424 3564; x_wconf 90' lang='lat' dir='ltr'><strong>quo</strong></span> <span class='ocrx_word' id='word_1_231' title='bbox 436 3491 473 3546; x_wconf 85' lang='lat' dir='ltr'><strong>ait</strong></span> <span class='ocrx_word' id='word_1_232' title='bbox 484 3491 550 3547; x_wconf 89' lang='lat' dir='ltr'><strong>loco</strong></span> <span class='ocrx_word' id='word_1_233' title='bbox 563 3501 679 3559; x_wconf 87' lang='lat' dir='ltr'><strong>natum,</strong></span> <span class='ocrx_word' id='word_1_234' title='bbox 692 3509 752 3564; x_wconf 90' lang='lat' dir='ltr'><strong>quo</strong></span> <span class='ocrx_word' id='word_1_235' title='bbox 764 3499 860 3548; x_wconf 82' lang='lat' dir='ltr'><strong>notata</strong></span> <span class='ocrx_word' id='word_1_236' title='bbox 874 3493 993 3548; x_wconf 81' lang='lat' dir='ltr'><strong>consule</strong></span> <span class='ocrx_word' id='word_1_237' title='bbox 1003 3494 1159 3568; x_wconf 84' lang='lat' dir='ltr'><strong>amphora,</strong></span> <span class='ocrx_word' id='word_1_238' title='bbox 1176 3494 1226 3552; x_wconf 82' lang='lat' dir='ltr'><strong>rix</strong></span> 
     </span>
     <span class='ocr_line' id='line_1_31' title="bbox 150 3583 1226 3667; baseline -0.003 -21"><span class='ocrx_word' id='word_1_239' title='bbox 150 3591 205 3667; x_wconf 77' lang='lat' dir='ltr'><strong>legi</strong></span> <span class='ocrx_word' id='word_1_240' title='bbox 214 3590 247 3646; x_wconf 90' lang='lat' dir='ltr'><strong>iu</strong></span> <span class='ocrx_word' id='word_1_241' title='bbox 256 3589 367 3646; x_wconf 86' lang='lat' dir='ltr'><strong>cortice</strong></span> <span class='ocrx_word' id='word_1_242' title='bbox 375 3605 408 3643; x_wconf 87' lang='lat' dir='ltr'><strong>ao</strong></span> <span class='ocrx_word' id='word_1_243' title='bbox 418 3585 506 3646; x_wconf 83' lang='lat' dir='ltr'><strong>titulo</strong></span> <span class='ocrx_word' id='word_1_244' title='bbox 514 3589 674 3662; x_wconf 79' lang='lat' dir='ltr'><strong>amphora,</strong></span> <span class='ocrx_word' id='word_1_245' title='bbox 684 3597 805 3661; x_wconf 77' lang='lat' dir='ltr'><strong>propter</strong></span> <span class='ocrx_word' id='word_1_246' title='bbox 812 3583 962 3661; x_wconf 78' lang='lat' dir='ltr'><strong>fuliginem</strong></span> <span class='ocrx_word' id='word_1_247' title='bbox 972 3595 1002 3643; x_wconf 86' lang='lat' dir='ltr'><strong>et</strong></span> <span class='ocrx_word' id='word_1_248' title='bbox 1011 3587 1226 3661; x_wconf 85' lang='lat' dir='ltr'><strong>antiquitatem,</strong></span> 
     </span>
     <span class='ocr_line' id='line_1_32' title="bbox 150 3675 1228 3758; baseline -0.001 -21"><span class='ocrx_word' id='word_1_249' title='bbox 150 3683 259 3758; x_wconf 61' lang='lat' dir='ltr'><strong>poesin</strong></span> <span class='ocrx_word' id='word_1_250' title='bbox 277 3677 364 3755; x_wconf 83' lang='lat' dir='ltr'><strong>quale</strong></span> <span class='ocrx_word' id='word_1_251' title='bbox 384 3679 523 3753; x_wconf 85' lang='lat' dir='ltr'><strong>potabant</strong></span> <span class='ocrx_word' id='word_1_252' title='bbox 542 3680 612 3735; x_wconf 90' lang='lat' dir='ltr'><strong>olim</strong></span> <span class='ocrx_word' id='word_1_253' title='bbox 631 3679 754 3736; x_wconf 80' lang='lat' dir='ltr'><strong>Thrasea</strong></span> <span class='ocrx_word' id='word_1_254' title='bbox 775 3690 804 3734; x_wconf 84' lang='lat' dir='ltr'><strong>et</strong></span> <span class='ocrx_word' id='word_1_255' title='bbox 829 3678 980 3734; x_wconf 73' lang='lat' dir='ltr'><strong>Helvidius</strong></span> <span class='ocrx_word' id='word_1_256' title='bbox 997 3675 1095 3736; x_wconf 82' lang='lat' dir='ltr'><strong>floreia</strong></span> <span class='ocrx_word' id='word_1_257' title='bbox 1112 3680 1228 3737; x_wconf 77' lang='lat' dir='ltr'><strong>comnia</strong></span> 
     </span>
     <span class='ocr_line' id='line_1_33' title="bbox 151 3767 1228 3847; baseline -0.004 -15"><span class='ocrx_word' id='word_1_258' title='bbox 151 3773 296 3842; x_wconf 80' lang='lat' dir='ltr'><strong>redimiti,</strong></span> <span class='ocrx_word' id='word_1_259' title='bbox 306 3789 397 3847; x_wconf 88' lang='lat' dir='ltr'><strong>quum</strong></span> <span class='ocrx_word' id='word_1_260' title='bbox 411 3771 568 3830; x_wconf 80' lang='lat' dir='ltr'><strong>Brutorum</strong></span> <span class='ocrx_word' id='word_1_261' title='bbox 582 3767 711 3828; x_wconf 83' lang='lat' dir='ltr'><strong>et&#39;Cnsaii</strong></span> <span class='ocrx_word' id='word_1_262' title='bbox 723 3769 844 3826; x_wconf 81' lang='lat' dir='ltr'><strong>natalem</strong></span> <span class='ocrx_word' id='word_1_263' title='bbox 855 3770 931 3826; x_wconf 87' lang='lat' dir='ltr'><strong>diem</strong></span> <span class='ocrx_word' id='word_1_264' title='bbox 943 3769 1137 3828; x_wconf 84' lang='lat' dir='ltr'><strong>celebrabunt.¹</strong></span> <span class='ocrx_word' id='word_1_265' title='bbox 1146 3773 1228 3828; x_wconf 86' lang='lat' dir='ltr'><strong>ldem</strong></span> 
     </span>
     <span class='ocr_line' id='line_1_34' title="bbox 151 3862 1227 3939; baseline -0.003 -17"><span class='ocrx_word' id='word_1_266' title='bbox 151 3867 259 3936; x_wconf 80' lang='lat' dir='ltr'><strong>Virro,</strong></span> <span class='ocrx_word' id='word_1_267' title='bbox 272 3885 290 3920; x_wconf 82' lang='lat' dir='ltr'><strong>a</strong></span> <span class='ocrx_word' id='word_1_268' title='bbox 303 3882 364 3939; x_wconf 89' lang='lat' dir='ltr'><strong>quo</strong></span> <span class='ocrx_word' id='word_1_269' title='bbox 378 3875 496 3920; x_wconf 73' lang='lat' dir='ltr'><strong>vocatos</strong></span> <span class='ocrx_word' id='word_1_270' title='bbox 509 3881 553 3931; x_wconf 78' lang='lat' dir='ltr'><strong>ea,</strong></span> <span class='ocrx_word' id='word_1_271' title='bbox 567 3875 694 3938; x_wconf 76' lang='lat' dir='ltr'><strong>pateram</strong></span> <span class='ocrx_word' id='word_1_272' title='bbox 710 3862 856 3938; x_wconf 70' lang='lat' dir='ltr'><strong>ingentem</strong></span> <span class='ocrx_word' id='word_1_273' title='bbox 873 3862 960 3919; x_wconf 87' lang='lat' dir='ltr'><strong>habet</strong></span> <span class='ocrx_word' id='word_1_274' title='bbox 970 3863 1000 3918; x_wconf 90' lang='lat' dir='ltr'><strong>iu</strong></span> <span class='ocrx_word' id='word_1_275' title='bbox 1010 3864 1142 3920; x_wconf 80' lang='lat' dir='ltr'><strong>manibus</strong></span> <span class='ocrx_word' id='word_1_276' title='bbox 1154 3878 1227 3921; x_wconf 81' lang='lat' dir='ltr'><strong>oon-</strong></span> 
     </span>
     <span class='ocr_line' id='line_1_35' title="bbox 152 3954 1229 4032; baseline 0 -17"><span class='ocrx_word' id='word_1_277' title='bbox 152 3961 256 4018; x_wconf 78' lang='lat' dir='ltr'><strong>fertam</strong></span> <span class='ocrx_word' id='word_1_278' title='bbox 266 3977 303 4015; x_wconf 79' lang='lat' dir='ltr'><strong>ex</strong></span> <span class='ocrx_word' id='word_1_279' title='bbox 312 3959 435 4026; x_wconf 79' lang='lat' dir='ltr'><strong>electro,</strong></span> <span class='ocrx_word' id='word_1_280' title='bbox 446 3956 527 4030; x_wconf 85' lang='lat' dir='ltr'><strong>quod</strong></span> <span class='ocrx_word' id='word_1_281' title='bbox 536 3957 735 4016; x_wconf 77' lang='lat' dir='ltr'><strong>formaverunt</strong></span> <span class='ocrx_word' id='word_1_282' title='bbox 747 3955 897 4012; x_wconf 80' lang='lat' dir='ltr'><strong>Heliadum</strong></span> <span class='ocrx_word' id='word_1_283' title='bbox 907 3957 1054 4030; x_wconf 73' lang='lat' dir='ltr'><strong>laerynrae,</strong></span> <span class='ocrx_word' id='word_1_284' title='bbox 1063 3954 1229 4032; x_wconf 76' lang='lat' dir='ltr'><strong>phialasque</strong></span> 
     </span>
     <span class='ocr_line' id='line_1_36' title="bbox 155 4047 1228 4124; baseline -0.007 -16"><span class='ocrx_word' id='word_1_285' title='bbox 155 4053 193 4108; x_wconf 89' lang='lat' dir='ltr'><strong>ob</strong></span> <span class='ocrx_word' id='word_1_286' title='bbox 206 4059 367 4109; x_wconf 73' lang='lat' dir='ltr'><strong>exeuntem</strong></span> <span class='ocrx_word' id='word_1_287' title='bbox 382 4049 524 4124; x_wconf 77' lang='lat' dir='ltr'><strong>beryllum</strong></span> <span class='ocrx_word' id='word_1_288' title='bbox 536 4067 665 4124; x_wconf 71' lang='lat' dir='ltr'><strong>asperae:</strong></span> <span class='ocrx_word' id='word_1_289' title='bbox 678 4047 730 4105; x_wconf 88' lang='lat' dir='ltr'><strong>tibi</strong></span> <span class='ocrx_word' id='word_1_290' title='bbox 744 4065 847 4104; x_wconf 73' lang='lat' dir='ltr'><strong>aureus</strong></span> <span class='ocrx_word' id='word_1_291' title='bbox 861 4047 979 4122; x_wconf 70' lang='lat' dir='ltr'><strong>cyathus</strong></span> <span class='ocrx_word' id='word_1_292' title='bbox 992 4063 1051 4102; x_wconf 89' lang='lat' dir='ltr'><strong>non</strong></span> <span class='ocrx_word' id='word_1_293' title='bbox 1063 4049 1210 4122; x_wconf 59' lang='lat' dir='ltr'><strong>probetur</strong></span> <span class='ocrx_word' id='word_1_294' title='bbox 1218 4069 1228 4118; x_wconf 90' lang='lat'>;</span> 
     </span>
     <span class='ocr_line' id='line_1_37' title="bbox 156 4139 1229 4216; baseline -0.001 -16"><span class='ocrx_word' id='word_1_295' title='bbox 156 4155 217 4214; x_wconf 77' lang='lat' dir='ltr'><strong>aut,</strong></span> <span class='ocrx_word' id='word_1_296' title='bbox 232 4145 256 4202; x_wconf 81' lang='lat' dir='ltr'><strong>ei</strong></span> <span class='ocrx_word' id='word_1_297' title='bbox 271 4155 336 4200; x_wconf 73' lang='lat' dir='ltr'><strong>tuas</strong></span> <span class='ocrx_word' id='word_1_298' title='bbox 349 4145 379 4197; x_wconf 91' lang='lat' dir='ltr'><strong>in</strong></span> <span class='ocrx_word' id='word_1_299' title='bbox 394 4159 494 4198; x_wconf 86' lang='lat' dir='ltr'><strong>manus</strong></span> <span class='ocrx_word' id='word_1_300' title='bbox 507 4141 663 4216; x_wconf 82' lang='lat' dir='ltr'><strong>aliquando</strong></span> <span class='ocrx_word' id='word_1_301' title='bbox 680 4142 775 4210; x_wconf 81' lang='lat' dir='ltr'><strong>venit,</strong></span> <span class='ocrx_word' id='word_1_302' title='bbox 789 4139 870 4196; x_wconf 80' lang='lat' dir='ltr'><strong>adeat</strong></span> <span class='ocrx_word' id='word_1_303' title='bbox 881 4139 984 4198; x_wconf 83' lang='lat' dir='ltr'><strong>codem</strong></span> <span class='ocrx_word' id='word_1_304' title='bbox 996 4141 1027 4195; x_wconf 91' lang='lat' dir='ltr'><strong>in</strong></span> <span class='ocrx_word' id='word_1_305' title='bbox 1039 4140 1104 4198; x_wconf 89' lang='lat' dir='ltr'><strong>loco</strong></span> <span class='ocrx_word' id='word_1_306' title='bbox 1114 4159 1229 4210; x_wconf 57' lang='lat' dir='ltr'><strong>semus,</strong></span> 
     </span>
    </p>
   </div>
   <div class='ocr_carea' id='block_1_5' title="bbox 0 0 1578 4986">
    <p class='ocr_par' dir='ltr' id='par_1_17' title="bbox 0 0 1578 4986">
     <span class='ocr_line' id='line_1_38' title="bbox 0 0 1578 4986; baseline 0 0"><span class='ocrx_word' id='word_1_307' title='bbox 0 0 1578 4986; x_wconf 95' lang='lat' dir='ltr'><strong> </strong></span> 
     </span>
    </p>
   </div>
  </div>
 </body>
</html>
