3108 4986
465 619 753 752 VARIAE
799 619 1284 750 LECTIONES

732 901 808 986 ET
839 897 1019 985 NOTAE

556 1123 1190 1234 tusuutuiuouiuutu.

823 1377 933 1394 —d

370 1602 461 1648 Vm:
471 1611 612 1646 umorue.
634 1611 656 1644 ι.
667 1594 843 1660 Adest(quni
856 1595 883 1641 iu
898 1594 1003 1660 eccur),
1017 1611 1064 1661 pro
1077 1606 1101 1644 et
1113 1607 1159 1656 ert,
1174 1613 1204 1658 u,
1221 1601 1252 1658 3,
1267 1599 1351 1660 5-7‚
1367 1615 1411 1658 to,

340 1698 382 1743 ιι,
395 1681 426 1730 15
432 1718 439 1742 ,
453 1681 498 1740 16,
512 1695 611 1742 ro-uu
620 1711 628 1737 ‚
638 1677 756 1734 25-28,
769 1677 885 1738 56-60,
898 1678 932 1725 65
939 1714 946 1738 ‚
958 1689 982 1726 et
992 1677 1109 1742 permulti
1119 1677 1200 1728 Codd.
1211 1680 1288 1728 Perit.
1301 1681 1380 1730 Adest
1389 1693 1413 1729 et

336 1775 380 1822 ert,
394 1765 436 1821 45.
448 1762 539 1812 Nostri
551 1760 624 1808 lectio
638 1769 675 1808 ert
688 1758 794 1808 doctior.

369 1855 461 1908 Nou-u.
483 1873 507 1906 ι.
516 1856 580 1905 Ecce
588 1867 613 1906 et
621 1871 650 1903 en
657 1850 692 1904 de
699 1869 729 1903 re
737 1863 794 1903 tum
802 1850 881 1915 mim,
890 1862 947 1904 tum
957 1852 1043 1906 cubitu
1052 1865 1078 1906 et
1086 1853 1238 1926 improvise.
1252 1856 1295 1910 Ci.
1305 1857 1411 1912 Emeeti

335 1939 402 1994 cuv.
413 1939 470 1994 Cic.
481 1938 631 2010 Abruptum
640 1933 791 1996 exordium,
804 1945 833 1986 ut
842 1933 895 1988 sat.
907 1935 934 1999 1,
949 1953 971 1988 ι.
987 1939 1050 1988 Ecce
1063 1939 1197 2006 Crispinus,
1210 1938 1310 1992 scilicet
1321 1940 1409 2004 edent,

336 2021 378 2074 vel
391 2021 514 2088 Crispinus
523 2021 607 2070 itonam
620 2031 644 2070 et
653 2036 719 2084 soepe
729 2019 789 2068 mihi
799 2021 927 2069 vocandus
940 2033 977 2069 est
989 2021 1014 2068 in
1022 2031 1117 2086 panes.
1133 2019 1176 2073 Cf.
1190 2021 1256 2074 Hor.
1271 2021 1325 2075 Sat.
1336 2024 1366 2090 Ι,
1379 2031 1410 2088 d,

337 2103 381 2170 13,
394 2110 434 2167 14.
448 2132 484 2144 —
497 2107 587 2154 ltemm
600 2102 731 2168 Crispinus,
745 2099 870 2172 quonium
880 2102 936 2172 ejue
944 2100 1043 2153 mentio
1053 2101 1120 2154 iactu
1131 2120 1190 2174 tup.
1202 2103 1255 2156 Sat.
1267 2104 1292 2166 1,
1309 2109 1342 2156 ιδ
1353 2123 1409 2177 req.

335 2188 382 2241 ubi
393 2186 455 2241 vide
466 2197 564 2239 notem.
575 2214 611 2226 -
623 2187 670 2236 Est
679 2186 747 2244 miti,
762 2203 777 2234 u
790 2201 842 2248 me,
857 2201 921 2251 rope
933 2187 1062 2234 wcondus
1071 2187 1195 2253 adportes
1203 2185 1291 2258 operit
1300 2188 1368 2248 mei,
1384 2199 1410 2240 et

335 2271 363 2322 iu
372 2285 476 2324 eonem
484 2268 559 2340 qunti
569 2265 756 2339 producendus
764 2306 772 2330 ,
780 2277 883 2338 eumpto
895 2265 1062 2338 metaphora,
1072 2265 1143 2338 quod
1153 2268 1199 2319 alii
1205 2271 1258 2340 jam
1269 2287 1410 2334 monuere,

334 2372 349 2406 ι
359 2351 494 2407 comediis
503 2363 529 2404 et
537 2369 613 2404 scene
624 2389 631 2414 ,
641 2349 688 2401 ubi
698 2348 839 2402 histriones
849 2348 958 2421 primes,
969 2347 1107 2414 secundet,
1123 2351 1211 2402 terties
1221 2365 1309 2424 partes
1318 2365 1407 2424 agunt.

334 2433 378 2488 Sic
389 2445 415 2486 et
427 2434 540 2484 Hernicos
552 2435 680 2499 adportes
688 2443 792 2497 paratos
807 2429 875 2482 dixit
888 2430 990 2497 Livius,
1004 2429 1060 2495 111,
1076 2449 1117 2484 ιο.

372 2590 440 2636 Vn.
459 2603 483 2636 u.
496 2587 526 2634 In
536 2595 629 2650 partes,
647 2594 686 2642 rt.
697 2610 733 2621 -
745 2584 821 2633 Nulla
834 2595 972 2642 monstrum,
988 2599 1031 2643 ro,
1042 2585 1196 2635 concinnius.

371 2679 440 2732 Nor.
456 2698 481 2732 e.
492 2681 657 2747 Redemptum,
670 2675 767 2748 captivi
777 2689 822 2728 eut
832 2677 901 2730 terni
910 2675 999 2740 inetur,
1010 2695 1027 2726 a
1037 2679 1114 2738 vitiis,
1125 2679 1159 2731 nb
1167 2697 1259 2732 eorum
1270 2693 1408 2751 potestate,

336 2764 404 2813 nuile
415 2762 520 2822 uirtute,
535 2772 658 2830 tanquam
671 2758 773 2828 pretio:
785 2757 837 2810 uiui
847 2757 933 2822 malit,
948 2758 994 2829 qui
1007 2776 1041 2810 ue
1054 2757 1105 2810 ullu
1119 2759 1226 2831 quidem
1239 2761 1338 2815 virtute
1346 2765 1408 2816 vitia

337 2843 457 2908 redimit,
467 2843 518 2895 hoc
528 2853 583 2907 ert,
594 2851 764 2912 compensat,
775 2851 806 2892 ut
815 2838 892 2910 opud
899 2839 988 2894 Seuec.
1001 2852 1117 2911 excerpt.
1132 2853 1250 2896 controv.
1263 2848 1371 2909 4‚ertr.

372 3000 441 3046 Vn.
460 2997 484 3044 3.
496 2995 579 3060 AEgm
587 2995 687 3060 solaque
698 2993 799 3043 libidine
800 2992 881 3060 sotter
890 2994 1001 3051 Deiicioe,
1013 2994 1115 3054 viduas,
1127 3007 1172 3044 etc.
1183 2999 1207 3046 8.

372 3087 441 3140 Nor.
462 3085 489 3140 3.
500 3089 587 3155 AEger,
606 3087 743 3152 infirmus,
762 3099 916 3152 enervatur,
930 3087 1024 3140 debilis
1040 3101 1067 3141 et
1084 3089 1188 3154 animo,
1204 3103 1229 3143 et
1240 3110 1361 3163 corpore.
1374 3124 1407 3134 -—

337 3173 394 3222 Sola
405 3171 506 3221 libidine
517 3169 606 3238 find,
621 3179 650 3220 ut
666 3166 737 3239 apud
753 3167 845 3222 Seuer.
866 3169 1028 3230 Conuov.1‚
1041 3188 1069 3242 p.
1083 3173 1116 3223 δι
1130 3189 1137 3223 :
1153 3171 1218 3224 «Itti
1231 3173 1316 3239 vulsi,
1331 3185 1409 3246 utque

336 3251 460 3325 expoliti,
474 3263 500 3304 et
512 3268 659 3322 uunquam,
673 3249 724 3303 nisi
735 3250 762 3302 iu
777 3249 903 3318 libidine,
917 3251 997 3304 viri.-

373 3408 439 3454 Ἧι.
458 3415 482 3463 t.
498 3405 592 3454 reule
601 3407 662 3453 forte
670 3405 716 3470 leg.
727 3421 774 3470 pro
782 3405 878 3464 vidium,
893 3415 921 3454 ut
933 3407 1052 3455 sententie
1064 3407 1091 3454 h.
1105 3408 1122 3458 l.
1138 3409 1170 3456 rit
1183 3425 1189 3456 :
1204 3425 1290 3460 omnen
1303 3422 1410 3461 tertetur

338 3488 461 3546 muliera,
472 3488 580 3552 exceptio
591 3497 686 3535 tentum
697 3487 792 3536 vetulis.
803 3515 839 3526 ·-
849 3491 991 3553 Spemotur,
1007 3505 1029 3549 r,
1038 3492 1067 3550 8,
1078 3492 1124 3552 56,
1136 3507 1181 3553 7o,
1192 3493 1237 3554 75,
1249 3494 1296 3553 76,
1306 3495 1352 3555 ⁸²2
1363 3512 1409 3544 uec

338 3587 392 3622 nou
400 3571 501 3636 quidem
509 3570 589 3620 Codd.
598 3571 689 3630 Per-iu,
697 3582 722 3619 et
730 3572 757 3619 iu
766 3569 805 3618 hio
814 3573 868 3619 Put.
878 3574 943 3619 Vero
953 3573 1015 3620 forte
1026 3572 1112 3633 lectio,
1122 3583 1146 3620 et
1157 3583 1263 3636 moute,
1276 3573 1410 3640 quoduou

337 3655 399 3704 alim
408 3654 522 3702 eorerbo
529 3665 640 3702 mutent.
651 3653 700 3702 Sed
707 3653 894 3718 deponentem
903 3663 998 3718 potent,
1008 3653 1039 3702 eb
1049 3655 1130 3702 activo
1140 3671 1253 3718 spernere
1263 3656 1408 3706 deductum:

338 3745 362 3782 et
372 3743 434 3798 quot
443 3743 502 3782 tunt
512 3721 588 3794 einai
599 3721 736 3799 λιγῖμιιι.

373 3815 442 3868 Nor.
464 3820 489 3877 4.
503 3816 611 3865 Deliciis
624 3807 723 3874 vidreie,
742 3831 859 3867 amorem
873 3813 1029 3880 viduarum,
1044 3819 1208 3886 adspemotur
1217 3829 1325 3877 tantum,
1341 3818 1411 3872 tolus

339 3909 452 3951 rectatur
466 3909 575 3969 nuptm
592 3896 626 3950 H.
639 3895 727 3950 Valet.
742 3895 809 3948 sorte
820 3908 845 3948 et
856 3896 969 3968 Greng„
989 3897 1036 3969 qui
1049 3911 1156 3964 mouet,
1177 3898 1270 3953 viduet
1288 3901 1411 3956 universe

339 3977 407 4042 dici,
420 3999 478 4053 qum
487 3981 539 4034 siut
547 3982 603 4033 eine
612 3981 724 4046 merito,
738 3978 857 4050 ideoque
865 3991 891 4032 et
900 3997 959 4051 que
969 3997 1104 4052 nunquam
1115 3981 1261 4053 nupserint.
1276 3981 1410 4056 Plerique,

338 4063 435 4134 quihus
446 4063 524 4116 Hein.
534 4061 718 4135 adstipuletur,
727 4074 861 4134 exponunt
869 4063 904 4115 ite
919 4081 926 4115 :
942 4062 1083 4136 voluptatis
1096 4065 1177 4135 gratie
1188 4064 1345 4133 mechatur,
1357 4085 1412 4120 nou

339 4145 415 4200 tucri.
430 4145 575 4200 Couieruut
586 4147 617 4211 1,
629 4146 674 4212 39,
687 4157 713 4198 et
723 4145 836 4201 Martini.
847 4145 905 4212 xl,
917 4147 963 4212 88,
975 4145 1002 4212 3,
1013 4147 1110 4218 quibu·
1122 4147 1187 4200 lucie
1196 4148 1231 4201 de
1241 4150 1347 4218 retulie,
1357 4169 1410 4204 nou
