3056 4984
353 386 420 466 344
628 389 669 450 Ι).
698 387 836 449 JUNII
862 385 1142 452 JUVENALIS

353 498 463 589 Quid?
479 499 570 592 quod
586 513 619 566 et
634 500 779 592 antiquis
796 524 879 567 uxor
895 498 936 568 de
953 500 1100 569 moribus
1120 500 1166 568 illi
1374 520 1406 582 ss

352 609 534 696 Quaeritur.
551 610 582 676 O
596 608 733 693 medici,
750 609 893 677 mediam
910 610 1103 703 pertundite
1119 635 1247 680 venam.

352 715 496 786 Delicias
513 715 676 786 hominis!
694 719 875 812 Tarpeium
892 711 996 787 limen
1011 718 1113 788 adora

352 827 499 908 Pronus,
515 842 551 894 et
566 843 714 896 auratam
730 830 748 895 J
751 829 856 896 unoni
874 828 963 897 caede
977 829 1174 921 juvencam,

352 934 386 1002 Si
403 935 464 1010 tibi
484 937 664 1031 contigerit
679 937 795 1030 capitis
811 953 963 1006 matrona
979 938 1102 1032 pudici.

353 1046 469 1116 Paucae
486 1046 570 1114 adeo
587 1048 717 1118 Cereris
735 1048 832 1117 vittas
848 1049 1044 1143 contingere
1061 1048 1188 1142 dignae,
1376 1063 1409 1116 ⁵0

351 1156 503 1243 Quarum
520 1181 588 1224 non
608 1157 720 1226 timeat
736 1171 831 1251 pater
846 1156 970 1226 oscula.
988 1158 1095 1226 Necte
1109 1179 1265 1225 coronam

295 1355 297 1359 ,
353 1266 525 1352 Postibus,
540 1281 574 1335 et
589 1266 710 1336 densos
723 1293 785 1361 per
801 1267 916 1336 limina
932 1267 1033 1336 tende
1049 1267 1235 1362 corymbos.

353 1376 450 1444 Unus
467 1377 609 1446 Iberinae
628 1378 678 1444 vir
694 1374 839 1443 sufficit?
854 1377 956 1444 Ocius
973 1375 1054 1445 illud

352 1486 590 1578 Extorquebis,
607 1499 645 1554 ut
660 1485 733 1554 haec
749 1482 846 1554 oculo
864 1498 1023 1554 contenta
1037 1484 1081 1552 sit
1096 1508 1175 1552 uno.

353 1595 479 1687 Magna
494 1609 604 1662 tamen
622 1593 710 1663 fama
728 1609 778 1663 est
792 1594 965 1687 cujusdam
984 1619 1060 1664 rure
1079 1609 1219 1689 patemo
1376 1608 1406 1662 ⁵5

353 1701 517 1772 Viventis.
535 1703 639 1772 Vivat
654 1705 789 1789 Gabiis,
806 1718 844 1771 ut
862 1704 943 1771 vixit
959 1703 993 1771 in
1009 1727 1109 1796 agro;

353 1811 456 1880 Vivat
472 1810 619 1882 Fidenis!
638 1830 673 1882 ct
688 1813 795 1908 agello
813 1813 897 1883 cedo
917 1829 1068 1909 patemo.

353 1920 437 2007 Quis
453 1935 564 1990 tamen
583 1921 745 2007 affirmat,
763 1922 809 1991 nil
826 1939 938 1992 actum
954 1924 989 1991 in
1005 1924 1190 2009 montibus,
1206 1938 1264 1991 aut
1279 1923 1313 1990 in

353 2028 543 2124 Speluncis!
563 2032 646 2101 adeo
661 2048 846 2101 senuerunt
860 2034 993 2127 Jupiter
1009 2049 1043 2102 et
1059 2032 1174 2102 Mars?

401 2138 633 2211 Porticibusne
649 2141 711 2210 tibi
727 2157 932 2212 monstratur
947 2141 1070 2212 femina
1085 2158 1164 2211 voto
1376 2159 1407 2207 so

353 2385 424 2422 vero
444 2385 565 2424 uxorem
585 2367 671 2424 etiam
689 2369 794 2427 veteris
813 2369 984 2427 castimoniae
999 2389 1031 2427 ac
1047 2368 1199 2444 probitatis
1219 2364 1329 2442 qtraerit.
1348 2362 1407 2418 Abl

353 2457 472 2529 medici,
488 2478 588 2516 venam
602 2459 659 2529 illi,
677 2479 740 2534 quae
754 2462 784 2516 in
800 2462 918 2518 brachio
934 2461 1027 2518 media
1041 2454 1408 2535 est,aperite,uthuicfi1-

353 2548 415 2605 rori
423 2549 592 2608 medicinam
603 2549 717 2608 faciatis.
730 2554 780 2608 Nae
789 2553 935 2609 hominem
945 2551 1096 2608 delicatum
1105 2549 1286 2626 aclepiduml
1295 2549 1408 2621 1‚perge
1514 2605 1515 2610 ,

353 2659 443 2715 porro
467 2640 506 2696 ad
529 2642 718 2716 Capitolium3
741 2643 808 2700 Jovi
829 2655 922 2720 grates
945 2645 1003 2700 illic
1024 2645 1103 2700 solve
1125 2643 1206 2698 humi
1230 2640 1406 2716 provolutus3

354 2730 472 2788 vitulam
492 2733 584 2788 aureis
604 2735 778 2790 ornamentis
797 2735 937 2812 insignem
957 2736 1065 2792 Junoni
1085 2734 1217 2806 immola,
1237 2733 1262 2789 si
1283 2731 1408 2788 feminam

354 2833 458 2878 casnm
472 2823 651 2898 probamque
666 2825 845 2882 nanciscaris.
867 2829 971 2883 Paucas
985 2827 1103 2883 omnino
1118 2824 1245 2900 reperire
1260 2834 1302 2880 est
1317 2822 1407 2898 digua

354 2935 417 2989 quar
433 2917 545 2973 Cereris
559 2917 645 2973 sacris
660 2937 692 2974 ac
706 2919 849 2994 mysteriis
864 2921 1017 2977 tractandis
1033 2919 1238 2987 adhibeantur,
1254 2925 1282 2973 et
1295 2933 1407 2990 quarunt

354 3007 449 3062 oscula
465 3019 547 3081 pater
561 3007 621 3082 ipse
637 3027 697 3064 non
714 3008 891 3068 reformidet.
911 3011 1043 3080 Obone,
1054 3009 1171 3083 januam
1184 3019 1263 3064 tuam
1276 3003 1407 3062 lemniscis

353 3119 385 3156 ae
398 3099 494 3156 floreis
510 3100 625 3157 corollis
641 3102 766 3172 adorna,
785 3113 814 3158 et
829 3121 882 3176 per
896 3101 973 3160 sores
986 3103 1091 3160 aedium
1106 3102 1191 3158 densa
1205 3099 1310 3156 florum
1326 3107 1405 3162 serta,

353 3203 382 3248 et
397 3192 520 3268 myrthi,
536 3193 665 3264 hederae,
683 3194 757 3250 lauri
773 3213 868 3250 ramos
883 3206 970 3269 atque
986 3194 1055 3252 solia
1072 3195 1198 3251 intende.
1218 3223 1258 3234 -
1278 3191 1351 3258 Sed,
1368 3188 1407 3243 in-

353 3285 451 3358 quies,
466 3302 540 3340 unus
551 3284 598 3341 vir
609 3285 730 3342 lberinae
744 3285 858 3342 sufficit.
872 3319 911 3329 -
927 3287 1024 3343 Unus!
1041 3287 1077 3342 ab
1090 3286 1139 3342 illa
1154 3283 1237 3342 citius
1253 3283 1310 3339 hoc
1323 3291 1408 3338 extor-

353 3375 472 3452 quebis,
488 3386 521 3432 ut
531 3395 591 3432 uno
602 3377 687 3434 octrlo
698 3379 794 3453 potius
806 3398 891 3454 quam
902 3397 961 3435 uno
970 3377 1036 3435 viro
1045 3377 1082 3434 sit
1090 3387 1232 3435 contenta.
1244 3407 1284 3418 -
1295 3377 1408 3430 Verum-

353 3479 448 3526 tamen
463 3489 566 3547 magna
580 3481 622 3526 est
635 3471 806 3528 existimatio
822 3471 968 3545 cujusdam
979 3471 1099 3547 virginis
1115 3471 1144 3527 in
1161 3471 1249 3526 domo
1265 3478 1408 3542 parentum

353 3563 457 3618 rustica
465 3562 598 3619 virentia.
612 3595 652 3608 -·
664 3563 760 3619 Vitam
774 3575 838 3640 agat
849 3564 926 3638 apud
935 3565 1058 3635 Gabios,
1070 3565 1147 3639 apud
1157 3564 1291 3630 Fidenas,
1304 3562 1408 3636 qualem

353 3655 410 3731 egit
423 3655 484 3711 ruri
492 3677 501 3726 ;
517 3668 545 3712 et
555 3667 617 3713 tum
629 3657 757 3713 concedo
768 3658 841 3713 hanc
855 3657 886 3712 in
901 3676 971 3733 agro
985 3669 1105 3732 paterno
1120 3667 1223 3713 castam
1239 3667 1268 3712 et
1284 3654 1409 3730 pudicam

351 3749 444 3806 fuisse.
456 3751 493 3804 Et
503 3760 597 3806 tamen
608 3749 671 3824 quis
682 3747 824 3807 affirmare
833 3749 921 3818 ausit,
935 3749 1006 3805 nihil
1019 3749 1118 3806 furtim
1130 3761 1158 3806 et
1170 3747 1311 3824 flagitiose
1321 3756 1407 3802 actum

351 3841 382 3895 in
394 3841 556 3912 montibus,
566 3842 613 3898 vel
623 3841 732 3898 antris?
742 3843 822 3898 Itane
834 3841 973 3915 decrepiti
985 3852 1100 3917 torpent
1113 3841 1227 3916 Jupiter
1237 3851 1267 3897 et
1278 3843 1355 3896 Mars
1363 3881 1372 3909 ‚
1380 3849 1408 3895 nt

348 3933 407 4005 jam
423 3951 482 3988 non
496 3933 532 3988 ad
546 3945 644 4009 stupra
660 3935 696 3991 de
710 3953 856 3990 moresne
871 3933 1000 4004 ruerint,
1013 3934 1178 4010 versipelles
1188 3932 1332 3989 adulterii

279 4097 280 4100 Ἰ
392 4024 438 4079 60.
459 4027 607 4101 Numquid
629 4026 659 4081 in
677 4027 762 4082 variis
784 4028 883 4083 Romae
906 4025 1065 4101 porticibus
1086 4025 1139 4080 tibi
1158 4035 1336 4082 monstratur
1356 4023 1406 4078 nlla

349 4114 465 4184 mulier,
481 4134 543 4190 que
555 4118 606 4188 sit,
620 4119 733 4193 qualem
746 4117 883 4195 exoptas?
901 4138 938 4174 an
952 4119 1060 4176 theatra
1074 4129 1171 4175 nostra
1186 4136 1239 4194 per
1255 4128 1332 4175 totos
1347 4135 1405 4194 gra-
