3130 4986
336 555 339 562 ,
453 481 640 546 SATIRA
669 481 919 548 SECUNDA.

147 592 317 698 Exagitata
332 593 457 687 procul
474 618 542 662 non
560 596 662 662 intrat
677 595 801 666 femina
817 597 928 668 limen.

148 701 232 770 Solis
247 727 304 770 ara
319 705 402 772 Deae
419 704 568 772 maribus
584 718 697 797 patet:
715 707 761 773 ite
778 705 940 800 profanael

149 811 341 881 Clamatur:
358 811 456 881 nullo
472 814 576 906 gemit
591 813 647 882 hic
664 812 801 885 tibicina
818 842 935 885 cornu.

149 919 241 988 Talia
256 936 386 990 secreta
402 921 582 990 coluerunt
597 924 701 1018 Orgia
718 925 803 993 taeda

141 1032 348 1124 Cecropiam
365 1031 454 1101 soliti
471 1035 583 1126 Baptae
601 1032 721 1102 lassare
737 1037 882 1128 Cotytto.
944 1119 952 1128 ·

149 1137 210 1206 llle
227 1141 446 1233 supercilium
462 1141 595 1211 madida
611 1142 752 1238 fuligine
768 1158 893 1214 tactum

150 1249 296 1344 Obliqua
313 1252 471 1346 producit
486 1279 567 1339 acu,
585 1255 763 1348 pingitque
780 1269 963 1324 trementes

150 1358 316 1428 Attollens
330 1361 448 1430 oculos
463 1387 471 1429 :
488 1365 596 1431 vitreo
612 1363 696 1431 bibit
714 1363 767 1432 ille
784 1367 926 1458 Priapo,
1188 1373 1223 1441 95
1300 1444 1303 1450 ,

152 1469 412 1565 Reticulumque
429 1474 534 1542 comis
550 1488 703 1542 auratum
721 1475 912 1569 ingentibus
930 1472 1062 1568 implet,

150 1577 303 1648 Caerulea
319 1581 455 1649 indutus
471 1583 635 1652 scutulata
650 1598 708 1652 aut
724 1583 868 1678 galbana
883 1607 974 1670 rasa,

151 1692 193 1757 Et
209 1714 272 1782 per
288 1692 306 1756 J
309 1714 458 1760 unonem
474 1691 601 1761 domini
615 1692 751 1785 jurante
768 1695 931 1762 ministro.

153 1797 213 1866 llle
229 1813 325 1867 tenet
342 1799 536 1894 speculum,
553 1803 680 1895 pathici
697 1819 869 1898 gestamen
885 1801 1047 1886 Othonis,

154 1909 288 1976 Actoris
304 1910 458 1978 Aurunci
475 1909 636 2004 spolium,
653 1936 721 2005 quo
737 1937 772 1980 se
789 1911 844 1982 ille
862 1911 995 1980 videbat
1176 1939 1226 1972 roo

152 2019 350 2104 Armatum,
367 2043 471 2111 quum
485 2019 555 2110 jam
570 2019 642 2088 tolli
658 2020 779 2089 vexilla
792 2022 937 2113 juberet.

155 2129 220 2195 Res
236 2127 456 2196 memoranda
471 2131 567 2198 novis
583 2129 777 2218 annalibus,
795 2145 894 2225 atquc
911 2130 1039 2200 recenti

154 2354 240 2414 sactis
260 2365 434 2430 usurpatur,
452 2359 599 2432 expellunt
621 2377 721 2416 omnes
741 2360 849 2434 templo
870 2358 1020 2427 mulieres,
1039 2365 1068 2412 et
1087 2355 1157 2411 viris
1182 2377 1230 2413 so-

156 2445 191 2501 lis
209 2446 339 2502 adaram
353 2447 465 2504 editum
478 2460 576 2523 patere
596 2453 708 2508 volunt.
727 2452 832 2508 Procul
846 2462 920 2520 este,
936 2468 954 2506 ο
969 2448 1114 2524 profanae,
1133 2449 1229 2504 excla-

157 2550 250 2606 mant,
274 2539 362 2594 nulla
376 2539 424 2596 hic
440 2539 564 2597 tibicinae
581 2543 619 2598 ad
637 2543 798 2600 canendum
816 2541 953 2598 cornibus
966 2539 1147 2596 adhibentur.
1163 2542 1231 2596 Non

158 2627 287 2686 dissimili
299 2629 389 2686 modo
406 2631 502 2706 Raptae
515 2631 651 2689 sacrificia
663 2633 733 2689 olim
753 2644 911 2703 nocturna,
927 2643 956 2688 et
972 2631 1171 2688 enthusiastica
1186 2649 1232 2688 se-

158 2731 238 2776 creto
261 2723 445 2780 celebrarunt
466 2723 589 2779 accensis
611 2724 741 2795 facibus,
764 2725 795 2780 in
822 2726 965 2782 honorem
989 2725 1142 2799 Cotyttus,
1165 2725 1232 2781 Deae

159 2809 312 2867 libidinum
322 2810 399 2887 spnd
410 2812 613 2884 Athenienses,
626 2832 712 2889 quam
723 2815 840 2871 saltibus
852 2815 1012 2886 continuis,
1026 2814 1137 2870 lascivis
1146 2815 1232 2890 gesti-

160 2903 225 2972 bus,
233 2904 422 2976 clamoribus,
430 2915 518 2978 atque
528 2907 609 2962 omni
617 2924 722 2982 genere
733 2907 951 2964 obscoenitaturu
961 2907 1080 2982 fatigare
1090 2907 1231 2963 solebant.

161 2996 263 3053 Videas
273 3015 365 3054 unum
374 2997 499 3072 aliquem
512 3015 547 3054 ex
558 2997 593 3054 iis
606 2999 749 3074 praeclaris
759 3001 972 3072 sacerdotibus,
987 3000 1038 3075 qui
1047 2999 1233 3074 supercilium

161 3087 287 3144 madenti
310 3087 432 3164 fuligine
453 3089 614 3160 imbutum,
632 3091 793 3148 calamistro
816 3103 972 3168 componat
991 3091 1109 3166 oblique
1128 3090 1233 3162 ducto,

161 3165 279 3254 acbilos
288 3180 418 3256 singulos
426 3199 557 3256 carpens,
567 3181 718 3252 extendat;
729 3183 807 3240 idem
816 3184 1126 3260 palpebras'pigmento
1135 3182 1233 3256 aliquo

161 3271 267 3343 inlicit,
282 3273 383 3330 oculos
400 3272 540 3330 nictantes
556 3292 590 3330 ec
603 3275 741 3331 tremulos
757 3275 915 3334 identidem
928 3278 1061 3333 attollens
1077 3296 1083 3331 :
1102 3274 1173 3331 alius
1187 3274 1234 3329 vi·

163 3377 226 3423 trec
253 3366 349 3421 utitur
371 3366 497 3441 scypho,
522 3365 619 3440 Priapi
640 3363 761 3442 liguram
782 3367 939 3440 reserente3
960 3366 1083 3444 prolixis
1106 3367 1235 3423 crinibus

164 3457 317 3516 reticulum
331 3455 387 3513 filis
402 3457 494 3514 aureis
508 3457 665 3514 discretum
681 3458 796 3534 implet,
813 3461 882 3517 dum
902 3460 1054 3535 splendent
1071 3468 1163 3516 restes
1181 3476 1233 3514 co·

165 3549 233 3607 loris
247 3549 377 3618 cerulei,
398 3559 448 3605 sut
462 3549 611 3625 galbanei,
632 3568 647 3607 e
661 3569 757 3626 panno
774 3571 857 3625 raso,
870 3555 920 3610 'vel
934 3554 965 3609 in
978 3571 1089 3610 morem
1101 3551 1235 3609 brevium

165 3651 313 3698 scutorum
329 3640 440 3698 variato
457 3662 464 3696 ι
482 3641 597 3700 interim
611 3661 728 3715 servus,
747 3645 799 3719 qui
813 3645 950 3720 poculum
968 3645 994 3700 ei
1006 3642 1145 3719 porrigit,
1156 3635 1236 3716 jurat

165 3750 218 3807 per
238 3731 402 3802 Iunonem,
417 3749 502 3806 quarn
520 3751 624 3808 nempe
647 3734 684 3790 ab
701 3735 774 3792 bero
794 3755 865 3806 suo,
883 3735 1038 3793 mulierum
1058 3753 1155 3804 more,
1178 3732 1236 3789 coli

167 3825 255 3882 ridet.
276 3825 360 3882 Alter
375 3823 491 3899 prefert
507 3845 595 3883 manu
613 3829 781 3903 speculum,
803 3828 884 3904 qnod
903 3829 983 3886 Otho
1005 3824 1183 3883 effeminatus
1206 3836 1236 3881 et

167 3916 296 3993 pathicus
316 3917 494 3992 imperator,
515 3937 576 3975 non
595 3939 675 3977 seem
689 3931 777 3996 atque
790 3920 861 3976 olim
876 3921 992 3975 Turnus
1008 3917 1117 3972 hastam
1132 3915 1236 3973 Artori

167 4013 306 4067 Aurunco
321 4021 450 4084 ereptam
464 4012 606 4086 gestabat,
621 4023 651 4070 et
662 4012 693 4068 in
704 4031 764 4087 quo
776 4030 808 4068 se
820 4021 962 4068 minatum
972 4008 1232 4084 contemplabatur,

166 4123 256 4178 quum
271 4104 432 4162 exercitum
449 4103 481 4159 in
496 4105 593 4162 hostes
611 4106 729 4163 sublatis
741 4103 830 4182 signis
842 4102 926 4162 educi
937 4103 1062 4179 juberet.
1078 4101 1235 4158 Enimvero

166 4196 314 4282 {prelum
335 4196 415 4256 inter
434 4196 590 4275 precipuo
609 4199 731 4258 sarcinas
750 4197 944 4276 imperatoris,
966 4195 1050 4256 civile
1067 4196 1176 4254 bellum
1187 4211 1236 4270 go-
