3108 4986
309 454 372 518 236
580 458 619 520 D.
649 457 789 521 JUNII
817 457 1105 524 IUVENALIS

306 567 396 660 Ergo
412 567 447 634 in
461 567 642 638 consilium
659 595 834 666 proceres,
852 596 937 666 quos
950 572 1067 642 oderat
1080 571 1156 660 ille;

306 677 346 742 ln
362 701 506 770 quorum
522 678 609 748 facie
625 681 755 751 miserae
771 705 968 776 magnaeque
984 682 1121 752 sedebat

306 783 417 855 Pallor
434 787 598 858 amicitia.
613 790 763 875 Primus,
781 789 948 860 clamante
964 791 1132 876 Liburno,
1342 799 1374 870 75

307 893 547 986 Cum'teljom
561 895 671 968 sedit!
688 914 782 993 rapta
797 901 1000 994 properabat
1016 899 1124 971 abolla

303 995 464 1097 Pegasus,
481 1008 630 1077 attonitae
646 1010 774 1103 positus
790 1010 892 1079 modo
905 1010 1035 1080 villicus
1050 1011 1147 1082 Urbi.

303 1115 401 1182 Anne
417 1113 508 1183 aliud
525 1131 607 1187 tunc
623 1117 800 1211 praelecti?
817 1144 962 1214 quorum
979 1120 1141 1215 optimus,
1155 1133 1255 1214 atque

303 1223 474 1318 Interpres
491 1223 604 1319 legum
621 1228 862 1315 sanctissimus,
877 1230 992 1298 omnia
1007 1253 1208 1324 quamquam

301 1333 525 1427 Temporibus
541 1333 622 1402 diris
638 1338 810 1404 tractanda
823 1338 963 1430 putabat
978 1337 1098 1404 inermi
1340 1349 1373 1400 to

300 1443 320 1508 J
322 1442 444 1511 ustitia.
463 1443 571 1510 Venit
587 1458 622 1511 et
636 1445 747 1537 Crispi
759 1445 912 1536 jucunda
925 1460 1098 1532 senectus,

301 1551 406 1643 Cujus
421 1568 518 1620 erant
533 1577 663 1638 mores,
681 1551 789 1647 qualis
803 1553 976 1641 facundia,
992 1556 1073 1623 mite

301 1663 490 1755 Ingenium.
508 1663 633 1748 Maria,
647 1689 686 1734 ac
701 1679 824 1750 terras,
841 1664 1052 1759 populosque
1068 1665 1199 1760 regenti

301 1769 386 1857 Quis
401 1795 513 1840 comes
532 1771 665 1858 utilior,
684 1773 712 1840 si
728 1772 821 1842 clade
837 1788 872 1842 et
887 1789 980 1870 peste
996 1773 1058 1842 sub
1075 1773 1130 1842 illa

300 1881 465 1949 Saevitiam
479 1880 654 1966 damnare,
669 1897 704 1950 et
720 1883 900 1952 honestum
914 1882 1038 1952 afferre
1054 1882 1172 1952 liceret
1337 1892 1371 1946 85

300 1990 506 2060 Consilium?
521 1990 589 2060 Sed
604 1991 686 2088 quid
701 1991 882 2062 violentius
897 2016 978 2060 aure
995 1993 1144 2086 tyranni,

299 2103 386 2172 Cum
407 2126 475 2196 quo
493 2101 536 2170 de
551 2100 689 2197 pluviis,
706 2116 764 2170 aut
780 2101 929 2186 astibus,
946 2115 1005 2169 aut
1021 2101 1175 2170 nimboso
1282 2123 1287 2132 ·

299 2211 389 2280 Vere
404 2208 576 2305 loquuturi
592 2209 698 2279 fatum
713 2210 882 2305 pendebat
899 2209 1016 2278 amici?

298 2427 421 2484 civitatis
435 2441 635 2500 arcessuntur;
658 2429 709 2504 qni
727 2448 817 2504 quum
837 2430 980 2487 infensum
997 2430 1138 2488 baberent
1153 2428 1368 2500 Domitianum,

298 2519 361 2594 ipso
373 2520 456 2575 vultu
467 2520 553 2576 anxio
567 2531 596 2576 et
608 2521 717 2596 pallido
729 2522 796 2579 satis
812 2522 995 2592 indicabant,
1010 2541 1096 2598 φιαιιι
1109 2521 1210 2578 misera
1223 2532 1296 2578 esset
1309 2532 1368 2576 um

298 2610 365 2667 saevi
379 2611 516 2686 principis
530 2611 662 2668 amicitia.
678 2615 754 2668 Dum
765 2613 893 2694 singulos
906 2614 1040 2671 festinare
1050 2633 1145 2690 preco
1153 2613 1253 2687 jubet,
1268 2625 1368 2690 urget-

298 2723 355 2778 que
363 2704 408 2760 his
418 2703 527 2774 verbis,
538 2727 550 2752 α
561 2704 718 2776 Advolate,
725 2704 785 2779 jam
795 2706 925 2763 consedit
935 2707 1048 2762 Cesar»
1057 2727 1065 2776 ;
1075 2705 1185 2781 primus
1195 2705 1290 2762 abolla
1298 2723 1368 2779 pro·

296 2813 366 2868 pere
380 2795 497 2852 indutus
511 2795 654 2852 celerabat
667 2796 788 2872 gradum
808 2799 949 2874 Pegasus,
966 2817 1027 2854 non
1040 2797 1077 2852 ita
1092 2796 1205 2872 pridem
1223 2795 1289 2852 urbi
1304 2807 1367 2852 tre-

297 2886 371 2962 pidae
384 2887 496 2944 villicus
510 2909 526 2942 a
539 2887 707 2944 Domitiano
721 2889 891 2963 prepositus
907 2911 913 2945 ε
931 2888 1003 2964 quid
1018 2889 1094 2945 euim
1107 2887 1186 2944 aliud
1200 2899 1270 2943 tunc
1285 2898 1368 2944 erant

298 2977 424 3050 prefecti
448 2978 544 3049 urbis,
566 2997 652 3053 quam
673 2979 784 3035 villici?
807 2979 884 3038 iuter
903 2999 977 3055 quos
996 2999 1062 3037 saue
1080 2982 1202 3056 Pegasus
1222 2979 1375 3054 probitate·

297 3069 463 3140 praestabat,
475 3069 611 3144 idemque
621 3071 717 3147 legum
727 3082 756 3127 et
762 3071 837 3145 juris
847 3073 989 3148 interpres
1000 3083 1061 3130 erat
1071 3071 1289 3148 integerrimus,
1299 3071 1367 3128 lioet

295 3161 486 3220 arbitraretur
498 3162 528 3218 in
542 3163 591 3219 illa
606 3173 771 3237 temporum
783 3165 939 3222 acerbitate
952 3175 981 3221 et
994 3163 1100 3221 saevitia
1113 3164 1230 3220 mollem
1242 3181 1274 3218 ac
1285 3163 1368 3220 velut

296 3254 436 3310 inermem
453 3253 593 3327 justitiam
614 3255 645 3310 iu
669 3255 896 3314 administranda
917 3256 1062 3331 republica
1084 3272 1144 3312 esse
1163 3253 1365 3310 adhibendam.

297 3344 398 3402 Adfuit
411 3346 496 3402 ctiam
510 3347 627 3422 Crispus
638 3348 727 3404 comis
739 3366 772 3405 ac
784 3348 902 3405 festivus
916 3368 1021 3418 senex,
1034 3347 1115 3421 cujus
1128 3346 1225 3422 placiti
1236 3357 1264 3402 et
1276 3346 1367 3422 quieti

296 3454 391 3494 mores
405 3449 503 3508 erant,
519 3457 573 3494 nec
586 3439 725 3496 absimilis
742 3440 922 3516 eloquentia,
944 3439 1038 3496 suavis
1050 3439 1180 3506 indoles,
1201 3449 1230 3494 et
1251 3438 1288 3495 ad
1309 3440 1367 3496 cle·

296 3529 432 3588 mantiam
447 3541 529 3600 nata3
549 3548 636 3587 nemo
652 3544 687 3590 ut
705 3532 814 3589 aulicus
832 3531 1001 3608 imperatori
1016 3532 1117 3588 orbem
1133 3530 1299 3586 universum
1314 3549 1368 3608 gu·

296 3623 429 3679 bernanti
442 3622 559 3683 utiliora
577 3643 731 3701 suggerere
749 3635 847 3700 posset
865 3624 1002 3694 consilia,
1020 3622 1155 3680 siluisset
1168 3623 1291 3678 honesto
1304 3623 1367 3679 cui-

297 3733 382 3789 quam
396 3714 517 3772 consilio
531 3716 629 3788 locus,
649 3728 679 3774 et
691 3717 897 3774 immanitatem
911 3735 1030 3793 arguere
1047 3717 1138 3773 libere
1154 3715 1295 3786 licuisset,
1312 3715 1367 3772 im-

297 3819 414 3881 perante
430 3805 614 3878 Domitiano,
630 3827 716 3883 quem
730 3809 811 3866 orbis
827 3809 984 3884 perniciem
998 3820 1028 3864 et
1043 3819 1153 3884 pestem
1163 3807 1229 3881 jure
1240 3807 1366 3866 dixeris:

295 3919 355 3972 quo
369 3911 493 3975 tyranno
505 3901 570 3976 quis
580 3919 707 3976 unquam
719 3901 829 3958 exstitit
841 3900 1004 3970 crudelior,
1018 3900 1042 3956 si
1054 3899 1126 3974 quid
1137 3917 1238 3974 parum
1252 3911 1369 3975 gratum

297 3990 334 4047 ad
345 3991 404 4064 ejus
415 4011 497 4048 aures
506 3992 670 4049 accideret?
682 3993 756 4049 Cum
768 4012 827 4068 quo
840 3993 865 4049 si
875 3993 983 4049 amicus
994 3993 1209 4066 colloqueretur
1219 3992 1256 4049 de
1265 3992 1368 4048 imbri-

298 4085 366 4151 bus,
386 4083 432 4138 vcl
451 4083 487 4138 de
505 4084 600 4140 nimiis
614 4085 748 4155 aestibus,
764 4097 814 4142 aut
826 4103 923 4142 vernae
937 4083 1110 4159 tempestatis
1124 4083 1242 4154 nimbis,
1261 4103 1296 4140 ex
1309 4084 1367 4139 hoc

298 4193 357 4232 nno
371 4193 502 4232 sermone
518 4177 577 4232 vita
590 4177 696 4252 ipsius,
710 4189 759 4234 aut
774 4197 853 4236 mors
870 4177 1031 4252 pendebat:
1047 4176 1077 4232 id
1090 4195 1178 4250 quum
1191 4176 1368 4252 intelligeret
