3056 4984
468 434 655 498 saurus
682 435 859 500 sexus.
1130 437 1188 525 371

132 553 276 646 Propter
289 549 382 645 quod
396 571 510 618 secum
526 548 666 618 comites
681 549 795 619 educit
807 548 940 636 asellas,

71 657 75 664 ’
131 659 232 730 Exsul
249 659 508 755 Hyperboreum
523 658 551 726 si
565 658 751 730 dimittatur
764 659 806 730 ad
820 685 925 730 asem.
1146 689 1197 751 ⁴70

128 759 196 840 'sed
212 795 287 864 quae
300 769 437 839 mutatis
450 767 635 856 inducitur,
650 785 751 863 atque
764 768 900 840 fovetur

132 881 199 948 Tot
214 879 509 962 medicaminibus,
525 892 695 971 coctaeque
710 877 851 972 siliginis
865 878 951 950 ollas

132 990 268 1085 Accipit
282 1005 318 1060 et
330 988 488 1074 madidae,
501 985 604 1056 facies
616 985 761 1072 dicetur,
775 1011 818 1056 an
831 987 946 1058 ulcus?

182 1104 244 1171 Est
258 1101 403 1196 pretium
418 1123 524 1186 curae,
541 1099 677 1194 penitus
692 1121 913 1190 cognoscere,
929 1085 1001 1170 tolo

134 1208 226 1298 Quid
240 1209 365 1279 faciant
378 1211 573 1302 agitentque
587 1207 652 1278 die.
667 1209 703 1276 Si
716 1221 816 1277 nocte
831 1207 968 1278 maritus
1150 1229 1202 1299 ⁴7⁵.

135 1323 284 1388 Aversus
294 1319 419 1412 jacuit,
434 1317 534 1412 periit
548 1316 698 1404 libraria,
712 1333 845 1412 ponunt

136 1431 303 1499 Cosmctse
319 1429 467 1515 tunicas,
485 1427 578 1496 tarde
595 1426 724 1496 venisse
737 1428 906 1500 Liburnus

136 1540 287 1626 Dicitur,
303 1554 337 1608 ct
352 1563 467 1634 poenas
482 1537 584 1608 alieni
601 1535 751 1632 pendere
765 1540 873 1608 somni

137 1631 281 1742 Cogitur
296 1673 304 1717 :
318 1648 373 1718 hic
388 1647 514 1740 frangit
521 1643 667 1733 lemine,
685 1647 783 1718 rubet
797 1646 852 1718 ille
869 1645 1023 1742 flagellis,

138 1759 202 1827 Hic
215 1759 367 1828 scutica:
383 1771 477 1844 sunt,
493 1779 567 1852 quae
583 1756 766 1826 tortoribus
779 1780 891 1828 annua
905 1773 1076 1853 praestent.
1153 1779 1203 1840 480

138 1867 323 1962 Verberat,
338 1883 438 1962 atque
452 1866 562 1936 obiter
577 1865 698 1936 faciem
713 1863 807 1952 linit;
821 1865 915 1936 audit
929 1853 1068 1954 emicas,

138 1975 327 2047 Antiatum
344 1977 440 2070 pictae
455 1976 555 2045 vestis
569 1973 758 2046 considerat
773 1999 909 2064 aurum,

139 2089 181 2156 Et
195 2086 314 2174 caedit3
329 2084 421 2180 longi
437 2083 557 2179 relegit
572 2101 759 2156 transversa
772 2083 902 2172 diurni,

138 2315 260 2386 mentis,
275 2314 382 2388 quihus
395 2312 589 2390 operiebatur,
603 2311 720 2382 amotis3
732 2323 827 2368 cutem
842 2314 913 2370 lecte
926 2314 1037 2372 asinino
1052 2317 1159 2374 mulcet
1173 2331 1210 2375 sc'

137 2408 221 2465 linit:
234 2407 316 2482 quod
326 2406 401 2462 utin
411 2415 550 2480 promptu
560 2423 673 2479 semper
680 2403 798 2475 babeat,
809 2416 970 2462 armentum
981 2407 1123 2466 minarum
1134 2427 1206 2467 sem·

137 2519 189 2576 per
199 2496 319 2556 deducit
329 2515 439 2567 mcum,
448 2496 500 2554 etsi
510 2497 546 2553 sd
556 2497 654 2570 polum
665 2513 755 2568 usque
765 2496 1025 2569 septemtrionalem
1034 2497 1066 2554 in
1075 2499 1208 2556 exsilium

137 2591 319 2648 amandetur.
331 2590 393 2665 Ego
404 2606 475 2645 vero
486 2588 610 2644 libenter
620 2587 793 2662 qundecim,
804 2598 901 2644 utrum
913 2587 961 2654 illa
974 2588 1072 2662 facies,
1088 2609 1151 2666 quse
1162 2600 1207 2648 tot

138 2682 295 2760 pigmentis
314 2691 371 2737 tam
390 2698 463 2755 saepe
478 2678 611 2747 mutatis,
628 2690 673 2737 tot
688 2679 834 2736 medicatis
851 2679 990 2738 odoribus
1009 2693 1037 2740 et
1051 2685 1206 2760 unguentis

138 2786 259 2832 mratnr
276 2793 309 2829 ac
329 2771 484 2848 integitur,
502 2771 549 2828 cui
568 2771 742 2828 adhibentur
763 2782 808 2828 tot
824 2771 1017 2831 candidissimi
1037 2775 1119 2849 punis
1140 2775 1206 2833 ol'loe

139 2865 229 2924 modo
248 2876 353 2935 coctae,
369 2863 459 2920 modo
474 2863 548 2920 lacte
564 2863 743 2935 madefactae,
756 2875 870 2938 utrum,
886 2865 1022 2941 inquom,
1039 2865 1088 2924 illa
1103 2867 1209 2938 facies,
1235 2871 1241 2880 '

137 2979 174 3018 au
188 2961 273 3017 ulcus
287 2957 383 3032 potius
398 2957 502 3014 debeat
515 2955 662 3030 appellari.

177 3060 248 3121 474.
272 3052 339 3106 Nou
354 3049 411 3106 erit
424 3049 548 3106 alienum
561 3048 598 3104 ab
612 3047 743 3104 instituto
754 3065 898 3122 exponere
910 3049 1015 3124 quibus
1026 3049 1103 3108 diem
1116 3062 1207 3110 totam

139 3142 377 3219 occupationibus
392 3141 551 3196 tmducaut.
567 3139 599 3196 si
615 3138 733 3195 maritus
747 3158 801 3213 per
817 3149 932 3196 noctem
946 3159 1047 3198 averso
1062 3142 1100 3198 ab
1113 3161 1206 3200 uxore

137 3235 224 3292 vultu
237 3251 371 3290 somnum
385 3230 477 3305 cepit,
497 3249 563 3287 eum
578 3230 634 3286 sibi
647 3229 750 3286 iratum
767 3243 871 3305 putens
886 3229 1004 3304 mulier,
1020 3233 1051 3290 iu
1069 3233 1204 3292 familiam

138 3327 228 3384 sevit.
240 3325 366 3400 Vapulat
379 3323 481 3380 ancille
495 3342 558 3396 qnae
572 3340 617 3378 res
629 3320 741 3378 familiae
754 3323 923 3382 necessarias
935 3323 1079 3398 dispensat
1094 3347 1100 3382 :
1115 3327 1204 3397 servi,

138 3421 207 3498 qui,
220 3437 338 3496 operam
349 3417 486 3474 ornandae
501 3426 531 3472 et
543 3413 688 3472 comendae
701 3427 823 3487 navant,
837 3429 980 3494 coguntur
995 3417 1103 3472 tunicas
1113 3418 1205 3491 depo·

137 3531 227 3583 nere,
249 3521 283 3568 ut
298 3509 443 3566 caeduntur
464 3529 471 3563 :
495 3506 600 3564 lecticae
622 3515 749 3582 gestator
771 3507 915 3565 Liburnus
936 3519 1100 3576 accusetur,
1124 3509 1205 3582 quod

138 3603 260 3661 domum
279 3601 369 3658 serim
387 3599 524 3669 redierit,
546 3619 579 3654 ac
600 3617 694 3672 peenas
715 3598 764 3654 dat
781 3599 874 3655 somni
895 3617 994 3674 parum
1016 3598 1169 3658 commode
1188 3619 1205 3656 a

137 3696 244 3754 merito
255 3693 339 3770 capti.
351 3693 443 3767 liujus
454 3691 484 3747 in
496 3703 578 3766 tergo
589 3702 763 3765 rumpuntur
772 3690 880 3750 crebris
892 3691 995 3748 ictibus
1004 3691 1115 3759 ferulam
1126 3690 1203 3748 illius

137 3787 258 3862 scapulae
272 3785 383 3862 flagris,
396 3783 512 3842 alterius
525 3784 637 3840 humeri
649 3784 762 3842 scuticis
774 3784 935 3842 laniantur:
950 3785 1038 3840 immo
1053 3785 1136 3841 etiam
1154 3803 1203 3842 rc-

138 3878 293 3956 periuutur
305 3878 451 3952 nonnullae
461 3875 609 3945 mulieres,
622 3895 685 3952 quse
699 3889 825 3934 tortores
837 3895 930 3934 annua
942 3877 1074 3934 mercede
1087 3878 1202 3935 condu-

139 3984 214 4030 mnt.
229 3974 307 4038 Dum
326 3971 367 4028 sic
384 3969 529 4027 verberari
545 3970 667 4026 tamum
677 3969 780 4044 jubet,
797 3969 855 4043 ipsa
875 3967 988 4026 interim
1009 3969 1120 4024 vultum
1136 3970 1202 4030 tneo

140 4067 249 4143 pingit,
262 4066 417 4122 amicarum
429 4064 580 4138 colloquiis
590 4081 672 4120 sures
682 4063 806 4138 praebet,
819 4073 926 4120 vestem
936 4080 1008 4118 auro
1019 4061 1202 4120 intertextam

139 4161 350 4237 contemplatur
365 4177 398 4216 nc
411 4169 520 4232 versat,
534 4167 583 4216 ent
595 4155 807 4232 ephemerides,
822 4165 851 4214 et
864 4153 981 4214 diurnas
994 4173 1144 4216 servorum
1156 4174 1202 4213 ru-

989 4245 1042 4322 24.
