3108 4986
328 413 391 488 240
600 391 1125 477 n.suu11'ruvannn1s

323 525 489 617 Tempore
502 523 589 614 jam,
605 523 731 608 Cesar,
748 520 843 617 liguli
858 536 915 590 tua
931 537 1038 592 castra
1052 541 1245 619 sequantur.
1256 555 1274 588 s
1348 533 1396 586 133

372 632 467 701 Vicit
480 631 584 726 digna
599 630 673 699 viro
689 632 865 700 sententia.
883 633 1034 702 Noverat
1048 632 1103 702 ille

325 742 507 810 Luxuriam
522 743 657 836 imperii
671 755 839 827 veterem,
855 756 1039 837 noctesque
1056 745 1202 814 Neronis

324 855 399 920 lam
415 850 556 936 medias,
573 849 738 945 aliamque
753 851 890 937 famem,
907 875 1011 945 quum
1029 852 1143 948 pulmo
1160 851 1306 920 Falerno

325 961 480 1029 Arderet
498 959 591 1030 Nulli
606 961 716 1053 major
733 960 797 1029 luit
808 985 887 1029 usus
904 960 1028 1030 edendi

325 1074 538 1164 Tempestate
551 1093 639 1139 mea.
655 1071 785 1140 Circeis
800 1086 879 1139 nata
894 1070 1022 1158 forent,
1040 1097 1082 1140 an
1352 1086 1398 1139 tto

325 1181 511 1249 Lucrinum
528 1179 570 1248 ad
586 1202 716 1265 saxum,
733 1181 951 1274 Rutupinove
968 1180 1057 1249 edita
1072 1179 1179 1249 fundo

325 1293 463 1378 Ostrea,
481 1290 621 1360 callebat
637 1293 747 1384 primo
764 1293 973 1387 deprendere
991 1319 1122 1379 morsu3

325 1403 368 1469 Et
383 1399 485 1468 semel
500 1399 649 1492 adspecti
664 1398 743 1469 litus
757 1400 892 1470 dicebat
906 1403 1031 1471 echini.

374 1511 547 1604 Surgitur,
564 1525 599 1577 et
613 1513 715 1579 misso
732 1535 891 1603 proceres
907 1513 997 1577 exire
1011 1511 1175 1600 jubentur

322 1617 489 1704 Consilio,
507 1643 591 1712 quos
607 1617 770 1688 Albanam
790 1617 856 1686 dux
872 1642 1013 1712 magnus
1029 1618 1065 1685 in
1081 1642 1191 1686 arcem
1353 1629 1400 1688 itt

323 1732 483 1798 Traxerat
499 1729 673 1812 attonitos,
690 1741 725 1794 et
741 1725 898 1796 festinare
914 1741 1066 1812 coactos,

323 1841 508 1932 Tamquam
524 1837 566 1906 de
582 1837 688 1907 Cattis
704 1835 847 1930 aliquid,
864 1837 1037 1930 torvisque
1053 1836 1247 1929 Sygambris

324 1950 502 2034 Dicturus,
517 1960 686 2042 tamquam
703 1961 738 2016 et
754 1946 893 2014 diversis
910 1945 1061 2038 partibus
1077 1945 1167 2013 orbis

326 2061 433 2128 Anxia
450 2059 615 2153 precipiti
631 2059 778 2126 venisset
794 2055 936 2150 epistola
952 2055 1065 2149 pinna.

327 2302 431 2367 praesto
443 2307 556 2364 semper
563 2288 678 2358 adsint,
690 2299 737 2359 ut,
748 2288 855 2364 siquid
866 2287 1007 2362 ejusmodi
1020 2290 1184 2364 contingat,
1198 2288 1295 2344 statim
1307 2289 1402 2345 acciu·

329 2393 438 2457 gentse
453 2382 490 2438 ad
503 2399 592 2455 opus,
612 2392 641 2436 et
660 2380 787 2455 patinam
804 2378 915 2457 fingant
934 2379 1087 2453 cujuslibet
1104 2378 1188 2454 piscis
1205 2378 1339 2453 capiendi
1358 2399 1403 2436 ca·

238 2519 240 2524 .
329 2493 460 2550 pacem.»

373 2565 438 2622 136.
462 2567 538 2620 ltum
559 2575 603 2620 est
620 2565 741 2620 solemni
759 2582 841 2622 more
860 2565 891 2620 in
909 2565 984 2620 banc
1004 2565 1191 2632 sententiam,
1211 2575 1331 2620 anctore
1350 2583 1402 2620 suo

329 2658 461 2734 dignam,
471 2676 534 2732 quae
545 2657 616 2713 vicit
629 2679 635 2712 :
648 2655 755 2714 sciebat
767 2657 816 2714 ille
830 2657 935 2731 quibus
950 2656 1161 2714 delectarentur
1174 2655 1306 2725 ferculis,
1317 2667 1403 2731 atque

326 2769 417 2824 quam
437 2749 519 2806 loedia
534 2748 789 2805 comessationibus
805 2749 990 2825 indulgerent
1009 2748 1171 2824 superiores
1192 2747 1403 2822 imperatores,

325 2861 363 2900 ac
373 2841 516 2916 precipue
528 2842 622 2909 Nero,
635 2839 699 2914 qui,
710 2841 807 2913 epulas
816 2859 831 2894 a
841 2841 939 2897 medio
949 2840 1044 2898 dicad
1053 2840 1175 2898 mediam
1184 2859 1276 2914 usque
1286 2851 1403 2898 noctem

331 2933 517 3007 protrahens,
532 2930 636 2986 famem
649 2949 790 2988 renovare
802 2933 936 3001 callebat,
952 2951 1041 3007 quum
1053 2931 1111 3004 jam
1126 2931 1288 2988 stomachus
1304 2931 1405 3004 exqui-

332 3023 387 3080 sito
407 3024 493 3093 vino,
515 3023 623 3078 scilicet
642 3024 779 3092 Falerno,
798 3023 960 3082 hauriendo
980 3023 1150 3099 defatigatus
1168 3022 1293 3080 arderet.
1322 3023 1406 3079 Unus

332 3115 463 3172 omnium
478 3116 633 3170 Montanus
649 3132 710 3170 nro
727 3133 793 3170 meo
810 3115 842 3170 iu
860 3116 1049 3190 opsoniorum
1059 3125 1121 3172 arte
1134 3115 1189 3172 liait
1202 3113 1406 3172 exercitatissi-

328 3207 641 3282 musacperitissimus:
651 3207 875 3280 primoemorsu
882 3208 1108 3284 rletegebat,nbi
1117 3219 1182 3264 nata
1191 3217 1284 3264 essent
1292 3217 1403 3274 ostrea,

331 3319 403 3356 num
411 3299 533 3366 Circeis,
544 3297 661 3355 numad
669 3298 787 3354 Lucrini
796 3300 873 3356 brias
884 3318 984 3374 rupes,
995 3308 1045 3354 asrt
1055 3299 1219 3356 Britannico
1228 3299 1259 3354 in
1268 3299 1356 3368 mari,
1368 3299 1406 3354 ad

332 3390 474 3464 Rutupias
490 3389 660 3446 Cantiorum
679 3412 686 3446 :
706 3391 773 3452 satis
789 3402 850 3448 erat
865 3391 908 3447 illi
920 3390 1053 3448 echinum
1068 3389 1191 3460 vidisse,
1208 3401 1242 3446 ut
1259 3389 1406 3466 iutellige-

333 3493 395 3552 ret,
413 3500 472 3556 quo
491 3481 522 3536 in
540 3482 638 3537 littore
657 3491 756 3556 eaptus
776 3483 883 3539 finisset.

376 3581 440 3642 itt.
462 3573 680 3650 Consurgitur:
702 3592 735 3629 ac
754 3591 907 3648 proceres,
929 3577 1024 3632 soluto
1038 3573 1178 3643 concilio,
1200 3571 1407 3643 dimittuntur,

333 3685 406 3742 quos
423 3666 575 3741 praeclarus
593 3665 752 3739 imperator
767 3667 797 3722 in
813 3667 953 3726 Albanam
967 3685 1061 3724 arcem
1078 3665 1207 3741 trepidos
1221 3675 1308 3740 atque
1327 3675 1407 3722 atto-

332 3759 409 3814 nitas
422 3768 606 3826 evocaverat,
626 3770 654 3813 et
670 3757 806 3814 destinare
818 3756 956 3830 jusserat,
973 3759 1053 3832 quasi
1067 3777 1131 3814 cum
1148 3757 1183 3814 iis
1194 3757 1405 3814 deliberaturus

332 3847 369 3905 de
380 3848 499 3923 negotio
510 3849 608 3922 aliquo
623 3848 756 3924 graviore
772 3868 838 3906 erun
850 3850 939 3907 Cattis
950 3852 997 3906 rel
1013 3848 1194 3925 Sygambris,
1215 3859 1298 3904 torva
1317 3860 1349 3905 et
1363 3848 1406 3906 le·

332 3939 478 3998 norissima
495 3943 705 3996 Germanorum
721 3952 824 4017 gente,
840 3942 1025 4020 nansigendo
1036 3963 1044 4010 ;
1055 3953 1106 3998 ant
1117 3942 1198 4016 quasi
1209 3942 1246 3999 de
1259 3942 1341 4000 clade
1354 3941 1405 3998 ali-

331 4051 387 4106 qua
401 4051 454 4106 per
466 4034 598 4107 epistolas
616 4053 632 4090 e
650 4034 738 4092 variis
752 4035 832 4092 orbis
845 4037 975 4110 partibus
990 4053 1114 4110 propere
1130 4035 1227 4092 misus
1240 4033 1340 4091 fuisset
1352 4033 1404 4089 ad·

330 4124 472 4193 monitus,
492 4127 565 4182 etin
582 4129 707 4200 proximi
724 4129 846 4204 periculi
859 4141 967 4186 metum
980 4128 1130 4186 adductus.
