3108 4986
328 456 391 535 248
482 455 653 522 VARIAE
677 456 969 524 LECTIONES
992 461 1055 524 ET
1078 459 1231 526 NOTAE

324 587 377 640 que
389 567 476 640 deque
488 567 575 621 habita
589 568 644 640 agri
655 569 759 622 colendi
772 569 872 622 ratione
884 588 938 641 prae
951 569 1034 623 nimio
1048 572 1113 642 gule
1127 572 1190 624 luxu
1201 575 1292 641 piscem
1305 570 1395 644 potius

325 663 453 703 emerent.
469 652 543 720 cujus
554 651 670 722 singulas
681 651 773 717 libras,
784 652 804 704 si
816 652 895 706 modo
906 651 1051 706 adulatoria
1062 655 1174 708 vanitate
1183 655 1216 708 de
1227 655 1328 728 magnis
1337 673 1394 705 ma-

322 734 378 803 jora
393 750 445 783 non
460 731 557 783 luerint
567 733 651 798 dicta,
665 735 830 789 venientibus
841 735 918 788 etiam
929 737 956 788 in
966 736 1090 810 ponderis
1101 740 1226 792 rationem
1239 739 1358 806 squamis,
1368 747 1395 788 et

324 815 517 869 interaneorum
526 818 694 890 rejectaueis,
713 819 821 888 singulis
836 819 950 873 millibus
966 833 1117 892 pensarent,
1133 840 1211 894 quam
1224 834 1295 872 uteo
1308 821 1397 893 pretio

324 916 416 969 agrum
426 898 476 952 sibi
487 912 677 972 compararent.
689 899 764 953 Coni.
775 900 878 954 Colum.
890 901 967 955 Praei.
978 903 1013 956 ad
1023 903 1118 956 librum
1128 904 1161 956 de
1170 905 1208 955 lle
1216 905 1287 956 llum,
1301 903 1397 955 Obiter
1423 900 1430 918 ¹

326 980 404 1033 ctiam
416 981 519 1034 vellicat
532 983 674 1055 superbum
689 982 755 1035 illud
767 982 937 1036 delicatorum
951 998 1075 1058 nepotum
1087 986 1163 1058 patrii
1178 986 1225 1039 soli
1243 982 1396 1044 fastidium,

327 1062 372 1135 qui
381 1082 435 1117 non
444 1063 599 1116 dubitabant
607 1066 691 1138 pluris
702 1085 787 1119 emere
796 1086 872 1140 agros
881 1068 908 1119 in
914 1070 1056 1136 proviaciis,
1072 1087 1150 1140 mam
1166 1081 1192 1122 ut
1207 1069 1310 1138 majores
1321 1064 1395 1117 lerti-

325 1147 456 1220 lioresqne
469 1148 561 1201 eodem
575 1151 659 1222 pretio
673 1153 700 1204 in
715 1151 770 1225 ipsa
785 1151 874 1217 ltalia,
887 1152 914 1202 in
928 1151 1005 1204 lertili
1020 1151 1063 1204 illa
1077 1155 1179 1224 Apulia,
1195 1152 1246 1205 sibi
1258 1165 1397 1222 compara-

325 1243 393 1285 rent.
408 1231 561 1305 Legndum
574 1252 637 1306 ergo
649 1253 727 1288 sensu
739 1237 818 1308 plano
831 1247 856 1288 et
867 1233 962 1287 obvio:

822 1366 841 1378 ..
850 1334 993 1378 ..Provincia
1004 1335 1061 1378 tanti

541 1403 626 1450 Vendit
635 1419 714 1466 agros;
726 1415 749 1451 ct
757 1408 854 1466 majores
863 1407 960 1467 Appulia
970 1404 1054 1451 vendit.

325 1487 421 1560 Tangit
432 1489 510 1542 etiam
522 1489 607 1544 obiter
615 1492 779 1565 Appulorum
792 1494 896 1565 gulam,
915 1493 958 1546 cui
976 1505 1005 1546 ut
1020 1493 1233 1565 obsequerentur,
1247 1507 1323 1562 agtus
1335 1506 1398 1542 suos

326 1566 413 1620 viliori
431 1568 515 1640 pretio
531 1569 686 1633 vendebant.
704 1562 741 1624 'ss'
756 1577 802 1623 sed
817 1591 830 1624 a
847 1572 961 1625 librariis
979 1585 1015 1624 est
1036 1591 1068 1625 ex
1087 1571 1157 1624 linali
1175 1571 1247 1623 litera
1261 1589 1307 1622 rsa
1323 1587 1398 1636 agros

327 1649 514 1720 precedentis,
528 1664 554 1704 et
566 1653 755 1706 monachorum
768 1655 956 1726 scripturam,
971 1664 1000 1706 ut
1013 1653 1155 1706 sexcenties
1167 1653 1195 1704 in
1207 1663 1270 1704 vett.
1281 1650 1357 1702 MSS.
1371 1661 1398 1702 et

327 1727 422 1798 sepius
432 1727 466 1782 ad
482 1730 594 1784 Martial.
610 1733 712 1786 monuit
728 1733 891 1786 Scriverius:
910 1744 955 1785 aut
970 1732 992 1785 ai
1007 1732 1066 1803 quis
1080 1722 1112 1784 ri
1128 1736 1174 1782 sed
1188 1732 1298 1783 tolerare
1314 1728 1398 1782 velita

327 1823 442 1865 cosmam
451 1817 605 1868 sententiam
614 1817 734 1870 admittat
742 1818 842 1871 saltem.
858 1842 868 1861 ·
877 1819 975 1868 Praedia
985 1819 1083 1884 Appula
1091 1815 1232 1868 laudantur
1241 1814 1319 1866 etiam
1329 1811 1402 1864 inire

328 1892 383 1972 lli,
398 1895 445 1956 5⁵,
461 1897 507 1948 ubi
520 1897 592 1952 conl.
608 1899 711 1952 Comm.
727 1931 763 1941 -
776 1900 884 1954 Pratcua
895 1911 982 1951 tamen
993 1911 1019 1951 et
1028 1898 1074 1952 alii
1083 1917 1136 1950 non
1147 1899 1216 1950 male
1225 1897 1396 1968 suspicantur

328 1976 437 2031 minoris
446 1997 525 2050 qnam
540 1981 602 2033 alibi
613 1983 714 2036 amisse
729 2001 804 2054 agros
820 1983 937 2054 Apulie,
953 1982 1025 2054 quod
1040 1999 1135 2053 magna
1152 1984 1206 2052 ejus
1222 1997 1298 2052 pars,
1316 1996 1400 2050 quam

327 2073 404 2132 poeta
413 2065 569 2136 respexerit,
579 2067 712 2126 montibus
721 2085 812 2139 aspera
823 2067 917 2132 luerit,
930 2085 959 2120 ac
969 2067 1063 2120 sterilis
1076 2066 1147 2134 (vid.
1159 2065 1248 2119 Horat.
1259 2064 1314 2117 Sat.
1326 2063 1357 2127 l,
1369 2063 1401 2126 ⁵,

329 2161 362 2213 77
372 2162 427 2217 seq.
439 2160 465 2198 et
473 2147 563 2201 Senec.
575 2149 657 2221 Epist.
669 2151 703 2220 87
714 2164 739 2203 ct
749 2166 792 2217 91,
803 2150 850 2202 ubi
863 2148 919 2202 haec
933 2149 1056 2221 leguntur
1068 2168 1075 2202 :
1091 2175 1102 2194 ι
1111 2148 1173 2220 Agri
1185 2145 1330 2200 suburbani
1341 2157 1404 2196 tan-

328 2241 385 2281 mm
401 2231 534 2302 possidet,
554 2245 682 2303 quantum
700 2233 830 2286 invidiose
847 2233 875 2284 iu
894 2232 1002 2286 desertis
1020 2232 1121 2305 Apulia
1138 2229 1333 2302 possiderem).
1355 2226 1400 2280 vel

328 2312 402 2384 quod
415 2315 512 2386 Apulia
523 2315 661 2369 infestetur
670 2317 782 2368 Atabulo
795 2329 886 2382 rento,
897 2317 943 2387 quai
955 2317 1055 2389 plantas
1068 2315 1165 2384 frigore
1176 2312 1283 2376 adurat,
1296 2309 1330 2364 de
1342 2325 1399 2381 qno

330 2395 392 2448 ride
401 2395 491 2449 Horat.
499 2399 550 2451 loc.
560 2397 632 2451 laud.
642 2397 732 2450 Senec.
741 2398 801 2450 Nat.
812 2399 909 2463 Queat.
922 2398 955 2460 V,
969 2395 1092 2466 1731’1111.
1103 2395 1201 2457 XVII,
1213 2399 1245 2456 al
1255 2413 1263 2458 ;
1272 2392 1341 2446 Gell.
1353 2392 1402 2456 ll,

332 2499 364 2532 aa
375 2502 383 2547 ;
395 2481 469 2534 Alex.
481 2481 514 2534 ab
523 2481 595 2534 Alex.
606 2481 664 2547 111,
678 2501 709 2534 aa
719 2501 726 2542 ;
737 2481 771 2534 ll.
783 2481 881 2534 Valerii
889 2491 949 2532 nota
959 2491 997 2532 est
1009 2497 1016 2532 :
1033 2505 1043 2526 ι
1053 2478 1080 2531 si
1092 2477 1268 2530 Juvenaliaita
1276 2474 1398 2546 scripsis-

329 2577 386 2628 set,
397 2565 542 2618 uecemmio
551 2564 710 2626 addidisset,
721 2563 793 2617 baud
802 2564 883 2617 dubie
892 2580 1039 2617 mensuram
1048 2563 1103 2634 agri
1110 2562 1222 2628 venalis,
1233 2560 1305 2614 verb.
1317 2577 1397 2632 grac.

331 2649 391 2702 bina
402 2662 447 2702 ant
456 2653 523 2702 trina
531 2653 638 2722 jugera,
651 2661 681 2701 ut
689 2667 778 2702 sensus
787 2661 925 2708 constaret.
938 2647 1045 2719 Scripsit
1056 2646 1150 2717 igitur:
1164 2647 1344 2711 l'enclitapros,
1354 2645 1404 2695 sesl

332 2734 415 2785 multo
424 2735 525 2801 majores
535 2733 617 2784 mullo
628 2731 692 2794 isto,
704 2743 730 2784 et
739 2731 882 2802 provincie
890 2749 943 2784 eun
954 2730 1059 2782 nomine
1067 2727 1299 2782 commendatiores
1311 2727 1401 2795 Apsilia

331 2818 428 2868 vendat.
440 2840 452 2859 ·
468 2815 591 2868 Ceterum
604 2815 760 2891 scripturam
774 2817 880 2884 Appulia
894 2832 943 2885 pro
954 2816 1043 2881 Apulia
1054 2813 1176 2866 revocavi
1188 2811 1334 2875 eso-63,
1345 2810 1399 2876 65,

332 2917 365 2950 ne
382 2911 494 2952 metrum
511 2897 641 2950 laboraret
655 2916 661 2949 ε
678 2915 739 2949 nam
754 2896 868 2969 primam
886 2897 1012 2970 syllabam
1024 2897 1096 2949 vocis
1107 2899 1197 2964 Apulia
1208 2895 1313 2948 brevem
1325 2911 1400 2960 ease,

332 2981 485 3052 intelligitur
493 2999 525 3034 es
533 2981 623 3032 llorat.
632 2979 684 3032 Od.
698 2981 756 3042 ΙΙΙ,
768 2985 816 3044 al,
828 2985 859 3046 4,
871 2993 896 3032 et
904 2981 939 3032 al.
952 2979 1044 3052 Neque
1054 2991 1140 3031 tamen
1149 2976 1266 3031 eamdem
1278 2976 1315 3029 ob
1324 2993 1401 3030 caue

333 3081 388 3116 sam
403 3076 509 3115 auctore
520 3061 648 3116 Schurall.
662 3060 855 3114 emendandum
869 3080 876 3114 :
890 3076 916 3112 et
924 3064 1027 3130 majores
1039 3077 1104 3112 terra
1113 3063 1209 3129 Appula
1222 3062 1323 3121 vendin
1337 3075 1401 3111 nam

333 3141 447 3194 secunda
457 3140 563 3212 quidem
573 3141 665 3211 syllab.
677 3141 723 3193 esi
733 3144 836 3208 Apulus,
847 3159 893 3194 seu
902 3145 1012 3208 Appulus
1021 3140 1162 3212 corripitur
1170 3159 1185 3192 a
1193 3139 1288 3212 poetis,
1295 3137 1343 3192 sed
1354 3137 1405 3190 rai

336 3227 426 3290 Apulia
435 3236 461 3277 et
468 3225 583 3291 Apelleis
596 3241 700 3294 semper
713 3222 879 3296 producitur,
891 3223 963 3276 verb.
974 3241 1064 3276 caussa
1074 3223 1108 3274 ab
1120 3221 1229 3276 Horatio
1239 3221 1267 3272 in
1278 3219 1329 3274 Od.
1341 3221 1404 3286 ΙΙΙ,

336 3313 385 3373 al,
397 3305 854 3379 a,inEp0d111,16,etinsst.1,
867 3306 947 3378 ⁵277·

369 3505 438 3551 Vas.
457 3503 498 3550 ab.
512 3501 595 3559 Nunc,
615 3517 658 3562 17,
671 3517 719 3563 aa,
735 3505 766 3559 ld
776 3539 783 3562 ,
795 3513 823 3552 ut
836 3506 902 3564 conj.
914 3502 1040 3552 Schrader.
1054 3502 1112 3550 Non
1124 3501 1199 3550 male!
1210 3529 1245 3539 -
1257 3501 1403 3566 laglan’sse,

338 3603 377 3635 so.
390 3613 424 3622 -
438 3586 549 3632 Putemus
563 3601 609 3649 pro
619 3595 734 3648 putamus
751 3585 831 3649 recepi
847 3602 879 3634 ex
895 3587 943 3648 ai,
961 3586 1007 3646 48,
1024 3587 1072 3646 48,
1088 3585 1134 3644 56,
1148 3584 1259 3647 59-61,
1271 3586 1403 3644 63,es-

335 3672 384 3730 67,
403 3677 444 3728 rt·

368 3759 436 3811 Nor.
450 3761 490 3813 ²8.
500 3759 586 3823 Quam
596 3759 679 3812 lautas
689 3757 769 3813 luisse
778 3773 899 3832 putemus
909 3760 997 3833 epulas
1005 3756 1147 3814 Domitiani
1156 3796 1163 3820 ,
1173 3776 1244 3825 quam
1253 3775 1337 3808 scam
1347 3760 1405 3831 ejus

335 3861 365 3896 ac
376 3842 504 3915 parasitus
517 3839 683 3914 deglutiverit
694 3855 728 3892 roe
739 3847 863 3908 sestertia,
878 3841 929 3895 hoc
939 3853 991 3903 est,
1002 3841 1112 3893 mullum
1122 3857 1167 3892 ser
1179 3838 1294 3892 millibus
1307 3853 1404 3894 sester-

335 3927 432 3978 tiorum
441 3936 557 3996 emptum
568 3925 618 3993 (cl.
631 3945 668 3984 vs.
680 3925 722 3990 15,
738 3929 768 3978 16
777 3925 849 3994 )l-
859 3927 972 3990 Glutisse,
984 3935 1008 3978 et
1019 3943 1081 3977 mox
1092 3925 1191 3975 metatis
1199 3924 1301 3995 egregie
1309 3921 1345 3977 de
1355 3923 1405 3977 bo-

337 4007 451 4059 minibus
467 4007 578 4079 gulosis,
596 4007 641 4078 qui
656 4007 690 4059 ita
704 4025 732 4060 se
746 4007 811 4060 cibis
829 4007 1002 4079 ingurgitant,
1021 4018 1050 4058 ut
1066 4019 1177 4058 ructent.
1196 4009 1404 4076 Eadcpemtcrem

337 4081 469 4155 pipxe's'acis
481 4097 506 4137 et
523 4086 605 4139 facete
616 4105 666 4158 pro
679 4091 847 4157 Imperatorem
861 4086 939 4155 (vide
952 4085 1014 4139 Var.
1034 4085 1143 4155 beet),
1164 4106 1195 4139 er
1209 4085 1287 4138 Ennii
1301 4085 1404 4139 Lucre·

336 4166 419 4237 ¹siique
427 4167 588 4235 imitatione,
596 4170 754 4241 etquoniam
764 4172 837 4244 epica
846 4170 932 4244 poesis
942 4169 1113 4227 recentiorem
1123 4170 1279 4243 scripturam
1289 4171 1403 4242 respuit.
