3058 4988
290 412 382 489 uiuo
465 406 635 472 VlllllAE
664 405 961 471 LECTIONES
994 407 1057 470 ET
1086 401 1239 471 NOTAE

316 516 452 588 pudenda,
468 508 576 579 ais-rm
588 513 642 566 vid.
657 513 689 566 ad
702 512 790 582 1,39)
802 553 809 578 ,
822 531 877 564 uon
890 512 1023 580 continet,
1036 527 1066 567 ut

532 609 637 657 Auribus
648 621 720 672 atque
733 609 807 655 oeulis
818 619 933 670 concepta
945 611 1013 657 urina
1027 622 1150 664 moretur.

315 697 384 749 inira
393 696 447 750 Xl.
462 697 511 749 168
521 737 529 762 ,
541 697 587 748 ubi
600 695 656 749 vid.
670 709 724 748 not.
736 724 772 737 ι-
785 699 897 762 Appula,
913 708 1032 767 spectans
1044 697 1154 751 lascivas
1168 691 1392 768 pantomimum

315 791 418 850 gestus,
431 782 533 848 gannit,
544 779 637 845 subat,
651 780 693 831 vel
704 779 776 831 vocis
788 797 924 831 murmtue
933 779 1068 833 libidinem
1082 780 1221 852 exprimit,
1236 776 1313 848 quasi
1326 787 1393 829 esset

315 865 340 913 ιἰι
352 865 468 929 amplexa
480 862 627 934 cujusdam.
639 863 670 913 lu
682 861 788 913 Antbol.
799 861 857 912 Lat.
869 861 926 922 lll,
942 863 1007 928 alt,
1025 870 1071 929 tl,
1082 866 1190 933 fernim
1202 864 1267 911 iuter
1277 860 1393 927 gannim

315 961 341 998 et
349 949 459 998 subantis
466 949 578 998 vacarias.
586 946 666 1018 Apul.
675 947 783 998 illatam.
796 945 904 1016 ll,pag.
925 963 984 1012 ιι9,
996 946 1023 1012 8,
1036 945 1077 1000 ed.
1089 948 1159 998 Elm.
1173 947 1262 996 Malles
1274 944 1394 992 interdum

315 1033 431 1094 uactslas,
442 1042 465 1079 et
473 1031 575 1079 assidua
585 1030 687 1090 suavia,
699 1043 723 1078 et
732 1031 814 1078 dulces
821 1029 936 1094 gannitus
944 1048 996 1078 cum
1008 1032 1194 1080 raorsiaantr'bsss
1204 1028 1280 1077 aculis
1293 1027 1392 1076 iterare·

266 1147 269 1152 ·
315 1115 419 1165 ratilla.
434 1112 532 1164 Aaron.
545 1111 635 1182 Epigr.
651 1110 806 1172 cvt11,t:

531 1206 651 1268 Principio
664 1205 770 1252 tremulis
783 1204 921 1266 gannitibus
934 1220 987 1251 aera
1000 1206 1094 1268 pulsat,
1108 1215 1150 1251 ete.

316 1297 424 1348 Garrire
431 1294 467 1347 id.
477 1294 549 1367 quod
559 1295 657 1366 garrire
667 1316 674 1360 ;
683 1313 775 1370 propr.
784 1294 817 1348 de
827 1313 964 1348 murmure
973 1297 1044 1350 canis
1053 1295 1204 1350 adhibetur.
1215 1297 1392 1363 -Ampleaas

313 1379 454 1432 honestum
464 1397 522 1432 roc.
536 1398 590 1450 quo
603 1397 644 1432 res
656 1379 782 1433 Venereae
793 1398 823 1431 ac
835 1391 934 1451 turpes,
946 1395 971 1432 et
984 1399 1085 1436 amores
1099 1381 1185 1434 illiciti
1198 1379 1391 1453 exprimuntur.

313 1463 378 1516 Vid.
391 1464 473 1516 Drak.
486 1463 520 1517 ad
533 1463 580 1516 Sil.
595 1463 652 1529 Xl,
666 1462 727 1530 399.

348 1558 418 1610 Nar.
439 1557 553 1610 65-66.
571 1558 717 1628 Graugaeus
735 1558 792 1612 haec
805 1559 885 1612 verba
903 1579 955 1614 uon
976 1563 1045 1616 rnale
1061 1563 1249 1634 interpretatus
1265 1573 1323 1616 est:
1341 1559 1391 1612 ·Si

317 1644 433 1710 Thymele
452 1660 514 1695 cum
531 1642 643 1694 maxima
660 1643 723 1695 artis
741 1645 874 1693 attentione
895 1645 1019 1716 exprimit
1041 1647 1140 1714 (immo
1159 1648 1279 1705 attends't,
1298 1657 1393 1696 attente

313 1725 397 1792 videt)
408 1723 499 1778 modos
511 1724 678 1777 saltationum
691 1738 879 1797 gestuumque,
893 1731 1016 1793 auitam,
1031 1729 1174 1780 illaetabile
1188 1740 1213 1780 et
1226 1731 1335 1795 bugum
1348 1724 1392 1794 (tle

313 1807 507 1882 quibusmodis
521 1807 575 1860 vid.
591 1809 701 1872 Pollux,
716 1810 802 1881 qualia
818 1811 895 1863 etiam
910 1812 1016 1864 nomina
1032 1811 1126 1864 nornis
1141 1809 1325 1864 saltationibus
1337 1807 1391 1860 dari

313 1892 459 1960 videmus),
474 1890 629 1962 spectatrix,
644 1893 814 1964 quantumvis
828 1897 930 1954 antiae,
945 1893 994 1946 hos
1007 1906 1094 1966 gestus
1108 1906 1220 1948 conatur
1235 1893 1350 1958 imitari,
1367 1904 1392 1944 et
1503 1939 1504 1950 ,

313 1975 348 2028 ita
360 1994 389 2028 se
401 1984 506 2038 movet,
520 1984 549 2025 ut
563 1989 625 2025 mox
637 1974 724 2026 lutura
737 1975 770 2026 sit
781 1975 974 2044 gesticulatrix:
994 1975 1064 2028 unde
1078 1976 1169 2029 festive
1182 1975 1226 2028 illa
1241 1975 1337 2027 mulier
1346 1993 1391 2046 per

312 2057 526 2131 anticipationem
547 2059 663 2124 Thymele
678 2068 863 2128 nuncupatur,
883 2058 940 2110 sive
955 2057 1027 2130 quod
1048 2061 1176 2117 Taametm
1194 2058 1328 2131 exprimat
1343 2055 1390 2126 (de

313 2159 365 2212 qua
382 2139 437 2193 vid.
453 2137 533 2204 adl,
550 2139 610 2205 36),
625 2157 671 2191 seu
683 2138 756 2210 quod
772 2142 887 2196 Thymele
900 2139 988 2192 lutura
1002 2140 1044 2193 sit.
1057 2163 1068 2184 ι
1083 2139 1197 2194 Bahndt:
1216 2145 1263 2194 Wa
1281 2141 1392 2206 Tameia

313 2227 361 2275 das
375 2224 472 2290 llefir'ge
479 2258 487 2281 ‚
506 2226 558 2272 Das
574 2221 789 2288 Milleidregende,
801 2227 853 2273 Das
862 2224 1068 2274 Sebnsuelstsrolle
1078 2225 1124 2274 der
1137 2228 1290 2290 Umarrnung
1302 2225 1388 2282 merit,

315 2309 380 2365 aad,
394 2307 455 2355 naci
468 2306 506 2354 ein
520 2307 630 2356 tundier
642 2307 781 2367 Mddabrn,
795 2307 867 2356 sabaa
880 2308 953 2358 ierne.
972 2305 1079 2359 Preteus
1088 2305 1220 2379 designari
1232 2306 1295 2360 dicit
1307 2319 1389 2359 matus

314 2392 401 2446 varios
414 2409 443 2454 ac
458 2400 543 2460 gestus
556 2409 570 2442 a
583 2389 664 2442 mimo
676 2408 826 2462 expressos,
840 2389 883 2441 vel
900 2388 978 2441 etiam
991 2389 1113 2452 voculas,
1131 2409 1202 2443 nune
1215 2395 1308 2453 sabito,
1322 2407 1390 2442 uuna

315 2476 487 2526 nsiseralsitr'ter
502 2472 669 2533 enuncians,
687 2491 758 2525 nuuc
775 2472 802 2524 in
816 2476 914 2540 longam
933 2483 1027 2524 tractas
1045 2472 1078 2524 ad
1090 2473 1191 2526 luctum
1205 2473 1387 2528 exhibendum.

314 2557 420 2629 lleliqui
433 2555 519 2626 intpp.
537 2555 593 2606 lere
607 2565 700 2608 tacent.

350 2655 419 2708 Nor.
438 2657 473 2722 67
487 2671 545 2723 sqq.
557 2650 622 2704 Atia
634 2663 759 2703 manante
772 2651 954 2723 virginesque,
965 2652 1067 2726 quoties
1080 2652 1135 2705 ludi
1147 2653 1254 2725 publice
1263 2672 1317 2706 nou
1327 2653 1389 2706 dan-

315 2751 368 2800 tur,
381 2739 443 2810 ipsn
455 2733 565 2807 privatis
577 2735 604 2786 iu
617 2733 718 2787 aedibus
730 2753 774 2786 eas
785 2746 875 2805 agunt.
892 2738 996 2796 Arsloea,
1012 2735 1054 2788 vel
1064 2737 1134 2808 picta
1148 2737 1176 2788 in
1189 2736 1301 2800 sedibus,
1313 2739 1391 2810 porti·

315 2821 391 2874 cibus
403 2839 433 2872 ac
447 2817 554 2870 theatris
569 2816 729 2889 (dequibus
744 2816 806 2869 vide
818 2818 877 2870 loca
891 2820 965 2872 class.
981 2819 1061 2872 Orid.
1077 2819 1184 2872 Metam.
1199 2822 1257 2883 111,
1275 2839 1321 2873 ιιι
1337 2841 1388 2894 seq.

315 2906 392 2976 Virg.
407 2903 503 2974 Georg.
520 2901 579 2966 ΠΙ,
594 2901 627 2953 25
638 2940 646 2967 ,
659 2913 684 2953 et
697 2901 804 2954 Lucret.
819 2901 874 2967 IV,
890 2901 922 2974 73
938 2905 1027 2974 seq.),
1047 2902 1118 2956 unde
1130 2904 1183 2958 boc
1196 2905 1255 2958 loco
1268 2923 1319 2977 pro
1332 2905 1389 2978 ipsis

317 2985 425 3040 theatris
438 2984 570 3056 ludisque.

350 3118 419 3165 Vsu.
438 3117 480 3165 68.
493 3116 584 3161 Sonant
596 3113 678 3162 aulaea
691 3111 800 3175 theatra,
815 3115 857 3164 26.

350 3207 419 3260 Nor.
441 3207 485 3260 68.
498 3212 592 3257 &aaut
604 3206 737 3274 salofara,
749 3206 777 3258 in
792 3206 855 3258 loris
868 3217 980 3276 tantum,
994 3203 1040 3256 ubi
1051 3223 1148 3258 massae
1159 3217 1286 3276 agimtur,
1299 3206 1387 3280 strepi.

316 3307 358 3348 tus
369 3288 490 3357 auditur,
503 3307 556 3342 nou
568 3289 595 3341 in
606 3288 723 3342 theatris.

351 3387 420 3439 Nou.
441 3388 482 3450 69.
493 3386 630 3453 Megalesia
639 3403 710 3436 sacra
720 3395 745 3436 et
754 3382 810 3436 ludi
821 3383 832 3452 (
837 3396 866 3436 ut
876 3386 1011 3451 Megalesia
1021 3387 1075 3436 toas·
1084 3385 1155 3456 apud
1166 3385 1248 3438 Orid.
1261 3385 1330 3439 Fast.
1340 3387 1390 3452 IV,

318 3473 386 3540 3573
400 3467 460 3518 Liv.
473 3467 584 3533 XXIX,
602 3472 648 3533 ¹43
662 3467 794 3533 XXXIV,
809 3469 858 3530 54,
870 3466 936 3534 al),
949 3485 1008 3538 quse
1019 3466 1046 3518 iu
1061 3466 1188 3520 honorem
1202 3479 1227 3519 et
1237 3469 1388 3521 memoriam

317 3555 418 3624 Magnae
431 3547 522 3600 Manis
535 3547 630 3610 deum,
645 3537 768 3616 μεγίλης
778 3537 883 3617 senapis,
897 3545 1054 3598 Pessinunte
1066 3547 1175 3598 Romam
1189 3549 1337 3613 translate,
1351 3549 1390 3600 vel

317 3634 388 3708 prid.
402 3629 471 3682 Nau.
487 3631 551 3702 Apr.
573 3628 646 3698 (rid.
660 3626 741 3682 Ovid.
761 3628 830 3682 Fast.
851 3627 902 3693 IV,
917 3644 966 3697 179
982 3645 1037 3699 seq.
1057 3639 1083 3680 et
1099 3625 1207 3680 calend.
1225 3629 1333 3697 Rom),
1349 3631 1387 3682 rel

318 3718 387 3792 prid.
399 3715 431 3768 ld
440 3715 504 3788 Apr.
518 3711 584 3782 (vid.
594 3711 653 3764 Lir.
666 3711 769 3773 XXIX,
783 3717 824 3776 sl,
837 3710 961 3763 ubiconf.
975 3709 1074 3762 Duker.
1084 3721 1109 3762 et
1120 3709 1227 3777 Dresia),
1236 3711 1386 3782 agebantur.

237 3794 246 3806 ’
318 3832 354 3843 -
366 3803 464 3866 lange,
476 3815 512 3850 sc.
526 3794 631 3848 dietam.
642 3825 677 3836 -·-
686 3797 791 3852 Pietati,
807 3811 843 3846 se.
858 3791 915 3845 ludi
930 3795 1007 3860 (qssos
1019 3795 1113 3843 exeatis
1125 3795 1220 3860 regibus
1227 3813 1276 3862 pro
1284 3797 1386 3854 libertate

314 3887 404 3953 plebis,
418 3897 514 3950 autpm
527 3881 719 3933 maritatione
727 3880 806 3945 pieta
815 3889 871 3944 past
882 3878 1039 3928 secessionem
1052 3878 1078 3926 in
1091 3877 1239 3928 Aventinam
1258 3877 1384 3930 inatitutus

735 4003 965 4048 mmamwb.

317 4153 341 4186 r.
352 4135 415 4206 ³³⁴}
424 4093 517 4183 lisura.
528 4132 555 4183 iu
566 4131 710 4194 Orchestra,
726 4140 751 4180 st
765 4129 901 4196 Schneiglr.
916 4129 947 4179 ad
961 4128 1054 4180 Athen.
1068 4131 1139 4189 xtv,
1153 4130 1170 4178 6
1180 4127 1250 4196 (26),
1260 4145 1314 4195 pag.
1325 4131 1380 4192 aas.
