3056 4984
457 491 648 557 saulus
676 488 856 556 SEXTA.
1129 485 1192 552 363

121 608 334 702 simpuvium
348 605 460 676 ridere
473 607 615 689 Numae,
628 603 832 700 nigrumque
849 601 1017 682 catinum,

121 720 162 786 lit
174 717 343 786 Vaticano
359 714 492 811 fragiles
505 715 547 784 de
561 729 677 783 monte
691 713 830 808 patellas

121 831 229 897 Ausus
246 826 341 897 erat?
357 826 424 897 Sed
437 851 531 896 nunc
543 825 586 894 ad
603 849 684 920 quas
698 849 769 894 non
783 823 922 894 Clodius
939 822 1031 892 aras?
1141 831 1190 902 345

165 937 301 1024 Audio,
319 938 400 1033 quid
415 951 547 1007 veteres
563 936 644 1006 olim
658 933 822 1006 moneatis
837 934 936 1002 amici
952 959 961 1002 ε

120 1050 212 1116 Pone
229 1070 355 1134 seram3
373 1047 503 1118 cohibet
519 1046 586 1116 Sed
598 1045 679 1140 vquis
693 1043 863 1114 custodiet
879 1043 968 1138 ipsos

121 1155 312 1228 Custodes?
326 1160 432 1228 Cauta
448 1173 515 1245 est,
531 1172 567 1226 et
580 1156 624 1224 ab
640 1155 706 1225 illis
724 1155 842 1250 incipit
854 1177 949 1223 uxor.

120 1268 264 1360 Jamque
279 1265 400 1336 eadem·
412 1269 549 1338 summis
564 1267 691 1363 pariter
703 1265 924 1360 minimisque
936 1263 1058 1352 libido;

120 1377 196 1446 Nec
210 1375 342 1464 melior,
360 1377 486 1448 silicem
502 1377 646 1474 pedibus
663 1402 738 1471 quae
754 1377 901 1446 conterit
916 1390 1045 1462 atrum,
1144 1385 1194 1444 350

121 1486 236 1576 Quam
252 1512 326 1583 qum
341 1485 520 1584 longorum
534 1489 671 1558 rebitur
685 1488 817 1558 cervice
827 1490 1007 1582 ¹Syrorum.

170 1599 221 1668 Ut
238 1615 369 1693 spectet
385 1599 500 1687 ludos,
517 1599 678 1670 conducit
691 1596 839 1692 Ogulnia
854 1611 999 1682 vestem,

126 1709 301 1778 Conducit
318 1710 475 1796 comites,
489 1709 622 1796 sellam,
639 1707 801 1794 cervical,
817 1707 958 1793 amicas,

126 1819 327 1906 Nutricem,
343 1834 378 1888 et
392 1819 530 1906 flavam,
547 1819 604 1889 cui
616 1817 677 1887 det
691 1816 866 1905 mundata,
882 1816 1040 1913 puellam.

122 1931 206 1998 Haec
221 1943 333 1998 tamen
348 1932 480 2025 argenti
493 1945 648 2026 superest
661 1929 890 2024 quodcunque
904 1925 1038 2022 paterni
1141 1939 1194 1998 355

125 2039 273 2108 Levibus
287 2038 439 2126 athletis,
456 2065 495 2110 ac
509 2065 588 2110 vasa
601 2040 782 2110 novissima
797 2038 911 2107 donat.

126 2149 246 2220 Multis
262 2176 317 2221 res
330 2168 472 2247 angusta
484 2151 576 2221 domi
593 2176 601 2221 ε
619 2151 678 2220 sed
693 2150 785 2224 nulle
797 2149 964 2245 pudorem

124 2381 346 2453 catns‚irridere
354 2393 490 2459 tanquam
499 2382 617 2453 fictiles,
629 2393 730 2440 ctnon
744 2399 861 2450 aureos,
874 2399 959 2438 ansus
973 2377 1091 2436 miset?
1102 2379 1196 2434 Nemo

124 2483 222 2543 certe,
237 2475 285 2530 rel
294 2473 394 2548 capitis
406 2476 568 2550 periculum
580 2474 757 2533 incurrisset.
771 2473 881 2531 Contra
895 2472 1002 2530 nostris
1017 2469 1196 2545 temporibus

124 2564 211 2620 unllae
229 2575 298 2620 sunt
316 2583 391 2638 erae,
409 2567 489 2626 nulle
506 2565 645 2626 sacrificia
666 2584 730 2642 que
747 2583 810 2624 non
825 2562 1073 2641 pollnautssodii
1091 2561 1197 2619 similes

124 2655 260 2712 adulteri
673 2669 677 2676 ·

162 2749 232 2818 346.
253 2750 352 2808 Audio
362 2751 443 2826 quod
451 2761 529 2809 recte
538 2769 586 2810 me
594 2751 768 2826 admonetis,
779 2773 799 2811 o
811 2751 928 2810 candidi
936 2761 966 2808 et
973 2761 1085 2808 veteres
1095 2747 1180 2804 amici
1190 2768 1197 2806 =

124 2861 228 2918 nempe
244 2842 340 2900 dicitis
357 2844 520 2904 obseranda
538 2863 598 2902 esse
614 2843 695 2903 domi
710 2845 807 2904 omnia
823 2845 996 2922 diligentem
1014 2857 1199 2916 compescen·-

124 2934 190 2991 dam
206 2935 341 3012 prodigae
356 2936 485 2994 mulieris
500 2948 530 2994 et
549 2937 712 2996 libidinose
727 2936 977 3014 intemperantiam
990 2930 1127 2991 adhibitis
1147 2950 1200 2988 cu-

124 3025 267 3084 stodibus.
285 3027 361 3100 Sed,
380 3047 493 3104 queam
508 3027 572 3104 quis
583 3029 717 3088 custodes
729 3030 807 3104 ipsos
825 3027 989 3088 custodiet?
1003 3024 1154 3102 Ingeniosa
1169 3033 1199 3080 et

124 3120 196 3196 vigil
208 3131 254 3177 cst
267 3121 392 3196 couju13
403 3123 460 3181 hoc
472 3122 600 3198 primum
610 3135 709 3194 curat,
721 3133 755 3179 ut
768 3123 834 3181 illos
845 3122 925 3198 ipsos
935 3119 1068 3177 custodes
1079 3116 1200 3175 deliniet

124 3224 361 3290 corrumpatque.
374 3217 476 3290 Neque
484 3234 555 3272 vero
564 3216 714 3291 primarias
725 3216 838 3274 tautum
846 3225 992 3274 matronas
1001 3222 1031 3268 et
1041 3209 1199 3284 locupletes

123 3305 177 3363 iste
203 3308 311 3378 luxus,
336 3309 549 3386 prodigalitatis
572 3320 601 3366 et
623 3309 789 3366 ambitionis
810 3308 894 3366 furor
917 3316 1013 3374 tenet3
1044 3303 1147 3360 eodem
1169 3311 1200 3356 et

124 3398 232 3456 inlimae
248 3402 334 3460 sortis
349 3401 486 3460 mulieres
502 3403 652 3472 laborant3
665 3421 760 3476 neque
775 3398 935 3457 modestior
949 3406 997 3454 est·
1006 3414 1051 3465 ea,
1068 3413 1131 3470 quae
1148 3410 1199 3467 pe-

126 3490 212 3550 dibus
240 3492 328 3550 nudis
346 3493 406 3550 rias
424 3511 507 3552 eoeuo
526 3493 671 3570 nigroque
692 3492 773 3549 silice
793 3499 895 3548 straus
917 3488 1003 3558 terit,
1029 3503 1116 3561 quam
1135 3502 1199 3558 qua
1283 3551 1289 3562 ι

125 3583 227 3640 lectica
239 3583 358 3641 sublimi
369 3597 498 3662 gestatur
511 3605 527 3640 a
540 3587 671 3661 proceris
685 3575 888 3642 et'valentibus
897 3581 988 3658 Syrie
998 3579 1098 3640 serris.

166 3679 236 3736 352.
259 3681 401 3757 Ogulnia,
416 3679 553 3758 ignobilis
567 3681 617 3739 illa
632 3681 816 3751 muliercula,
833 3687 868 3737 ut
882 3676 1050 3755 spectaculis
1063 3673 1197 3742 intersit,

125 3771 227 3848 ibique
245 3793 276 3829 se
293 3783 434 3846 ostentet,
449 3773 588 3832 conducit
607 3787 736 3846 vestem,
756 3771 891 3844 comites,
911 3771 1090 3839 lecticulam,
1105 3765 1199 3842 pulvi-

125 3883 211 3937 num,
231 3867 351 3938 amices,
368 3868 530 3932 nutricem.
545 3879 574 3925 et
591 3869 717 3944 puellam
734 3868 910 3943 elegantem,
928 3863 975 3921 cui
992 3863 1041 3920 det
1056 3859 1202 3920 mandatas

128 3959 286 4034 Quumque
307 3979 360 4034 par
378 3971 466 4032 esset,
488 3973 522 4017 nt
540 3961 620 4037 quod
640 3960 696 4036 ipsi
715 3970 803 4017 restat
822 3978 838 4015 e
858 3955 1051 4034 patrimonio,
1071 3953 1200 4011 serrant

127 4051 237 4110 dende
246 4051 360 4110 lemilir'e
369 4053 447 4122 ,hoe
458 4053 553 4129 ipsum
566 4065 661 4110 tamen
671 4064 837 4130 argentum,
848 4071 881 4108 ae
892 4052 1002 4126 reliqua
1010 4055 1093 4120 rasa,
1106 4057 1135 4106 et
1143 4048 1200 4105 do-

129 4144 275 4204 mesticam
289 4145 495 4220 supellectilem
511 4146 624 4204 athletis
640 4145 819 4203 imberbibus
834 4144 965 4222 largitur.
983 4144 1121 4216 Quamvis
1135 4143 1200 4217 pln-¹

128 4235 207 4294 rimae
231 4247 357 4314 egestate
378 4248 536 4309 vexentur,
556 4249 586 4296 et
607 4238 712 4314 exiguo
732 4237 790 4295 sint
805 4227 968 4295 'admodum
988 4253 1094 4308 censu,
1112 4236 1200 4292 nullae
