3130 4986
337 417 398 491 104
480 412 651 478 VARIAE
681 400 970 479 LECTlONES
1000 414 1063 478 ΕΤ
1092 414 1246 480 NOTAE

332 528 473 600 etquidem
487 528 548 582 vivo
561 529 638 581 etiam
651 539 707 579 turn
719 527 780 578 Tito
791 545 799 590 ;
817 544 878 579 mox
889 539 963 600 patre
976 547 1007 581 ac
1017 529 1077 582 viro
1088 529 1205 581 orbatam
1217 527 1399 581 ardentissime

331 612 469 684 palamque
482 611 573 665 dilexit
587 611 658 680 (vid.
669 611 719 664 Dio
729 610 906 680 vass,t),
920 621 948 663 ut
961 610 1039 663 etiam
1052 631 1141 665 musta
1153 612 1244 664 mortio
1257 609 1399 674 exstiterit,

332 706 428 746 coactu
441 707 595 764 conceptum
607 713 621 745 a
634 712 662 746 ce
674 693 787 764 abigere.
807 693 846 745 Ita
860 693 999 746 Suetonius
1009 733 1017 760 ,
1029 694 1129 748 Domit.
1144 711 1203 766 cap.
1218 713 1248 746 aa
1259 735 1267 759 ,
1281 709 1399 765 quocum

332 775 481 829 conseratur
493 777 609 840 Plinius,
621 775 704 848 Epiat.
718 776 768 842 1v‚
783 793 811 826 ιι
823 815 831 840 ,
844 777 860 827 6
871 797 879 840 3
891 774 1062 828 Philostratus
1075 775 1109 829 de
1120 777 1173 830 vita
1187 775 1318 848 Apollonii
1328 773 1399 839 vlt,

333 876 366 926 7;
380 871 405 910 et
418 859 451 912 de
467 859 556 930 iniqua
572 858 715 910 Domitiani
732 876 840 911 censura
856 857 997 930 spanhem.
1010 857 1043 910 de
1056 857 1090 910 U.
1107 870 1132 910 et
1145 858 1176 911 P.
1189 857 1222 910 tt.
1235 856 1344 910 Discat.
1355 853 1399 917 11,

331 943 506 1013 pug.106.-
515 939 782 1010 nogienhonendo.
795 939 918 993 nefando.
934 942 1060 1008 tragicum
1074 939 1182 1012 proprie
1194 951 1313 1003 vocatur,
1327 933 1401 1008 quod

332 1041 346 1074 a
358 1023 475 1096 ngicia
486 1023 599 1078 describi
610 1026 692 1090 colet,
709 1023 751 1077 vel
765 1023 892 1095 dignum,
906 1023 978 1096 quod
990 1043 1003 1075 a
1015 1024 1114 1095 tragico
1127 1023 1242 1096 quodam
1253 1034 1329 1094 poeta
1346 1032 1401 1072 tra·

332 1117 425 1163 ctetur.
445 1107 497 1162 Sed
508 1109 568 1180 quis
577 1107 646 1162 benc
658 1126 713 1160 rem
727 1107 817 1179 tragici
827 1107 974 1178 argumenti
984 1125 1040 1160 eece
1049 1105 1162 1160 dixerit?
1173 1105 1334 1160 lleineckiuo
1343 1103 1400 1156 hac

333 1188 484 1242 adnotavit:
503 1215 514 1238 ι
525 1189 577 1242 Sed
592 1193 709 1258 tmgierun
722 1208 775 1241 non
787 1207 835 1260 per
847 1208 876 1242 ae
888 1189 967 1242 babet
984 1189 1199 1260 significationem
1213 1189 1327 1238 torrendi
1334 1227 1342 1251 ,
1355 1205 1400 1238 ne·

325 1274 421 1341 fandi,
440 1271 487 1324 ced
503 1272 560 1325 bec
577 1272 651 1324 notio
663 1273 783 1326 translata
797 1287 836 1327 eat
847 1293 861 1325 a
873 1276 1011 1342 tragoediis,
1031 1273 1092 1344 quia
1113 1273 1141 1326 in
1159 1272 1192 1325 iia
1212 1269 1341 1344 ejuemodi
1359 1286 1401 1320 rea

332 1363 446 1406 tractate
466 1367 535 1406 aunt.
556 1354 595 1406 Ita
616 1355 770 1409 concubitus
789 1359 894 1424 traginas
914 1355 966 1414 boc
986 1355 1061 1420 loco,
1082 1355 1168 1426 qualis
1187 1354 1236 1408 luit
1255 1349 1357 1422 OEdipi
1375 1361 1404 1404 et

325 1436 459 1502 dococto,
470 1454 614 1508 eorumque
623 1437 730 1491 biatoria
741 1450 827 1490 tamen
838 1438 981 1510 sepissime
989 1449 1095 1491 tractata
1107 1450 1166 1492 eata
1176 1437 1303 1508 Tragicia.
1316 1459 1327 1480 ι
1339 1433 1402 1492 Hoc

333 1537 396 1589 ergo
414 1537 475 1571 cum
488 1519 530 1571 illu
545 1520 623 1591 plane
635 1521 818 1592 congruit?—
829 1526 905 1590 Leges
924 1520 959 1574 de
975 1520 1125 1584 adulteriis,
1144 1520 1241 1573 Juliam
1259 1517 1359 1571 acilicet
1376 1525 1403 1567 et

334 1599 473 1652 Scatiniam
483 1641 491 1667 ,
502 1605 630 1653 revocabat
639 1621 739 1654 mm
752 1606 861 1654 manibus
873 1603 998 1656 adulteria
1008 1614 1027 1655 ¹.
1046 1602 1122 1656 Idem
1136 1601 1302 1655 Domitianus
1316 1615 1404 1652 mern

334 1683 441 1734 castrari
452 1683 534 1735 vetuit
544 1705 551 1750 ;
566 1682 600 1736 de
611 1703 662 1756 qua
675 1688 731 1756 ejue
742 1685 799 1756 lege
810 1685 865 1739 vid.
877 1684 910 1738 ad
920 1685 976 1750 VI,
992 1685 1043 1738 368
1057 1704 1112 1757 aeq.

370 1828 436 1874 Vn.
451 1827 643 1886 3o.llevocoret,
660 1828 856 1885 conuocatae,
872 1845 918 1888 ro,
932 1844 977 1887 rr,
993 1838 1040 1889 rt,
1054 1831 1098 1887 15,
1113 1845 1152 1890 η,
1169 1844 1214 1892 19,
1228 1843 1272 1887 ao,
1285 1823 1404 1884 aa-a5‚

336 1925 378 1970 ²7,
393 1911 513 1971 66-50,
525 1912 644 1974 54-69,
657 1919 772 1972 7ι-74,
783 1921 808 1958 et
817 1913 905 1960 xxtv
915 1911 994 1960 Codd.
1005 1912 1080 1960 Potiu
1090 1911 1156 1960 unde
1166 1911 1259 1973 recapit
1269 1907 1333 1957 Aah.

371 2003 438 2054 th.
458 2006 499 2054 31.
510 2005 572 2069 Ipsi,
590 2007 633 2065 13,
643 2022 657 2053 a
667 2021 700 2052 m.
710 2022 758 2053 aec.
770 2006 812 2053 6³.
826 2005 902 2054 Marti
914 2005 1059 2070 Venerique,
1078 2007 1117 2054 ιδ.

370 2096 440 2150 Nor.
461 2097 505 2150 31.
522 2099 610 2147 Veneri
619 2098 750 2164 Martique,
765 2096 863 2162 lucete,
876 2097 927 2150 diia
941 2097 1076 2160 adulteris¹
1087 2110 1112 2150 et
1123 2117 1137 2150 a
1150 2097 1271 2152 Vulcano
1283 2097 1361 2151 etiam
1375 2094 1403 2146 in

336 2179 478 2234 concubitu
500 2179 688 2252 deprehensio:
712 2199 761 2234 nec
781 2181 867 2233 minuc
886 2182 952 2234 eabe
971 2183 1095 2240 omnibus,
1116 2199 1170 2252 quo
1191 2180 1281 2252 ingene
1302 2178 1404 2232 adulte-

336 2281 427 2316 rorum
449 2263 524 2335 copia
546 2263 673 2316 innuitur.
696 2293 733 2304 —
750 2266 883 2324 Abonivis,
906 2263 1005 2317 scilicet
1024 2262 1230 2317 medicamentis.
1250 2263 1328 2316 conf.
1346 2261 1404 2328 vl,

338 2345 404 2411 368,
426 2345 493 2413 595,
515 2345 575 2420 596.

372 2441 442 2493 Nor.
463 2440 506 2492 3².
526 2443 641 2492 Fecunda
652 2445 744 2504 vulva,
756 2453 781 2493 et
792 2441 953 2512 plurativum
967 2444 1036 2511 ossas
1046 2440 1079 2494 ad
1094 2453 1198 2513 partum
1215 2439 1403 2512 tergeminum,

337 2523 600 2598 quadrigeminumve
615 2522 708 2576 referri
725 2536 835 2594 poscunt
856 2525 867 2592 (
873 2525 963 2577 confer
981 2511 1088 2592 eat.Vl‚
1105 2545 1132 2578 v.
1147 2525 1235 2592 599),
1256 2541 1305 2575 nec
1315 2534 1405 2574 temen

338 2628 405 2680 opus
422 2619 468 2661 eet.

373 2704 442 2756 Nor.
463 2701 507 2754 33.
530 2702 618 2770 ossas.
639 2719 736 2759 masena
748 2702 895 2770 deforma,
910 2706 977 2758 letus
990 2705 1157 2766 immatura,
1170 2719 1217 2755 aen
1230 2701 1405 2772 embryonea,

333 2801 424 2856 poento
434 2787 533 2844 subtiles,
547 2784 609 2854 quia
621 2783 802 2850 Domitianus,
817 2786 893 2838 Juliu
905 2799 1013 2858 patruus
1024 2827 1031 2850 ,
1044 2805 1100 2841 eam
1114 2786 1301 2848 incestarent,
1316 2782 1406 2853 puri,-

339 2872 400 2925 dum
421 2869 533 2932 fecerun
551 2867 730 2932 Britannicus,
748 2867 890 2938 Grauguua
909 2881 934 2921 et
946 2870 990 2921 alii
1003 2870 1053 2922 bac
1065 2867 1236 2924 similitudine
1255 2884 1308 2918 non
1325 2863 1407 2921 modo

340 2957 468 3008 incestum
478 2947 639 3015 Domitiani,
654 2951 768 3004 auctorit
780 2963 806 3004 et
818 2952 915 3022 patria,
928 2953 1069 3026 significari
1079 2965 1188 3025 putant,
1208 2950 1255 3006 aed
1266 2951 1345 3005 etiam
1356 2949 1407 3004 de«

340 3038 498 3092 formitatem
511 3038 582 3107 ejus,
596 3035 720 3106 quoniam
732 3035 896 3093 Domitianus
906 3036 1031 3092 deformia
1041 3038 1161 3104 calvitie,
1175 3037 1300 3090 obesitate
1307 3035 1407 3088 reunia

341 3132 366 3172 et
378 3136 485 3173 crurum
501 3116 644 3189 gracilitate
655 3116 734 3174 luerit
747 3116 817 3185 (vid.
832 3117 905 3172 Suet.
919 3121 1018 3172 Domit.
1031 3139 1089 3192 cap.
1107 3119 1172 3190 18),
1192 3130 1217 3171 et
1229 3119 1285 3188 offa
1297 3117 1407 3188 proprie

341 3204 374 3258 ait
387 3221 468 3254 masaa
482 3201 580 3262 carnis,
595 3200 738 3266 aliorumve
749 3218 837 3254 rerum
851 3204 965 3272 defonnt's
975 3217 1047 3269 atque
1055 3204 1080 3251 in
1090 3215 1204 3252 tumorem
1212 3217 1319 3250 crescens
1331 3196 1404 3267 (vid.

340 3285 374 3340 ad
387 3283 470 3349 XVI,
488 3283 540 3350 tt).
556 3311 591 3321 -
605 3280 754 3336 Dodwellue
765 3282 794 3332 in
806 3283 900 3337 Annal.
913 3283 1069 3352 Quintilian.
1083 3300 1143 3354 pag.
1158 3299 1217 3351 127,
1229 3299 1261 3334 ex
1272 3281 1359 3333 verbio
1373 3293 1408 3330 tot

340 3368 453 3420 atonivis
462 3365 572 3436 colligit,
580 3363 676 3416 Juliam
688 3363 837 3435 plureauno
845 3364 1046 3422 secieseabornes.
1059 3363 1111 3416 Sed
1124 3382 1191 3417 unua
1201 3375 1301 3416 tantum
1315 3361 1406 3430 asue-

341 3453 413 3508 tonio
427 3462 453 3504 et
466 3449 537 3513 aliia,
557 3445 655 3500 nedum
665 3447 788 3520 permulti
802 3449 864 3516 (tot)
876 3459 1054 3504 memorantur
1066 3447 1172 3500 abortus
1184 3447 1277 3510 tutia,
1295 3464 1310 3497 a
1325 3445 1406 3498 Legi.

340 3532 479 3606 cograpbit
495 3549 559 3585 vero
575 3531 619 3584 vix
640 3531 734 3584 unicus
755 3529 875 3583 laudatur
894 3532 985 3596 locut,
1007 3530 1054 3582 ubi
1073 3533 1205 3592 obonivum
1226 3528 1334 3580 omnino
1356 3547 1406 3600 pm

341 3621 426 3668 abortu
441 3614 541 3667 dictum
552 3633 560 3667 z
577 3613 663 3687 aptior
675 3614 752 3665 etiam
766 3612 870 3665 videtur
880 3614 930 3667 boc
941 3615 999 3666 loco
1010 3625 1093 3684 poete
1103 3613 1185 3665 nostri
1198 3612 1312 3684 vulgaria
1325 3611 1407 3684 bujuo

340 3699 414 3753 rocio
420 3696 592 3768 significatum
601 3695 815 3768 probabiliusque
824 3706 876 3760 eet,
888 3695 985 3748 Iuliam
991 3694 1099 3766 periiaae
1105 3695 1216 3766 sumptio
1222 3708 1256 3744 tot
1262 3693 1407 3759 abortivia,

342 3799 424 3852 quum
433 3797 529 3843 uuum,
537 3778 681 3830 alterumve
688 3795 742 3830 non
750 3778 898 3831 oufleciacet
908 3780 1031 3846 (abortivis
1041 3791 1093 3828 emt
1100 3797 1171 3846 opus,
1183 3795 1237 3828 nou
1246 3779 1367 3840 abortiva,
1377 3788 1407 3830 ut

763 3950 992 3971 mmm

380 4061 389 4086 ¹
399 4053 456 4101 vid.
469 4055 593 4103 Annouta
603 4054 635 4102 ad
642 4055 788 4120 Argument.
795 4055 852 4102 Sue-
894 4065 975 4118 pretet
984 4057 1070 4104 Zonar.
1080 4055 1170 4104 Annal.
1181 4059 1287 4116 totu.11;
1300 4055 1406 4106 Martial.

344 4132 850 4200 tou.Domitian.c.7et8,ibiqueiuter·
896 4136 1189 4196 l‚5;VI,u,!0‚et7‚
