3134 4990
392 413 446 479 IN
469 413 700 494 SATIRAM
723 411 1001 480 SEPTIMAM.
1168 415 1232 502 559

156 523 306 592 Thebane,
320 545 379 598 que
393 526 489 597 spretis
504 527 601 580 Bacchi
614 527 706 599 Orgiis
717 528 746 582 io
760 529 976 600 vespertilionem
989 541 1091 582 mutata
1103 541 1158 584 est:
1172 529 1234 584 vide

157 607 251 662 Heius.
261 607 297 662 sd
312 606 392 662 ovid.
404 609 422 660 l.
435 610 452 661 l.
465 639 501 651 —
513 613 657 672 Alcinoum,
671 615 696 672 4.
707 611 766 666 Hoc
778 629 877 664 nomen
889 612 941 664 luit
953 611 1152 683 Hippocoontis
1164 612 1233 678 iilic,

156 691 190 746 de
202 712 260 764 quo
272 693 334 748 ride
344 693 467 765 Apollod.
483 696 545 758 111,
556 713 598 756 ro,
614 697 640 759 ⁵,
653 709 681 748 et
691 697 750 769 regi
765 698 922 761 Phaesounr,
933 698 1071 752 notissimo
1082 717 1115 752 ex
1125 698 1232 752 Homer.

156 775 258 848 Odyss.
268 778 302 839 Z,
318 795 368 848 197
383 796 440 848 seq.
451 777 485 830 Η.
498 778 531 848 57
545 797 602 849 seq.
613 809 649 820 —-
659 781 751 842 Raehi,
766 798 808 842 st,
821 799 863 832 nn.
874 781 964 842 Pacci,
978 797 1001 844 ι,
1015 779 1088 851 quod
1099 780 1169 835 sorte
1179 801 1235 834 non

154 859 352 932 respuendum,
371 876 399 915 et
412 861 516 914 anobis
530 879 604 914 nunc
614 874 752 932 receptum
766 875 815 915 est.
831 865 935 914 Paccius
950 875 978 916 et
991 868 1098 914 Faustus
1107 861 1235 917 videntur

155 960 212 996 esse
223 945 333 998 nomios
344 957 500 1016 poetarum,
516 958 543 998 et
553 949 678 1011 Alcyone,
694 947 783 996 Theba
797 962 828 997 ae
844 947 935 996 Tereus
946 945 1017 997 tituli
1029 945 1234 1017 tragediarum,

156 1044 224 1096 quus
236 1027 275 1080 illi
285 1028 423 1098 scriptore.
439 1030 543 1080 Paccius
553 1041 634 1100 poeta
648 1028 687 1081 sic
700 1045 756 1080 nun
768 1028 820 1079 nisi
831 1027 861 1080 b.
874 1027 892 1078 l.
907 1025 981 1098 quod
993 1027 1091 1090 scium,
1102 1047 1235 1082 memora·

155 1121 240 1174 retur,
250 1121 317 1163 utet
327 1117 441 1176 Forulos,
449 1112 502 1164 nisi
511 1112 555 1164 bic
565 1111 637 1164 idem
646 1125 696 1174 est,
706 1109 751 1182 qui
759 1109 949 1182 perstringitur
959 1127 975 1162 a
985 1109 1117 1174 Martiale,
1129 1111 1180 1177 XI,
1192 1113 1234 1165 65.

157 1197 243 1246 Paccii
254 1206 359 1260 tamen,
375 1195 419 1250 vel
430 1198 512 1248 Paccii
520 1209 547 1249 et
558 1197 659 1246 Paccioe
669 1194 771 1265 passim
781 1192 926 1246 laudantur
937 1193 965 1246 iu
977 1205 1045 1247 sntt.
1058 1193 1195 1265 lapidibus
1209 1209 1237 1250 et

155 1277 218 1330 infr.
227 1279 301 1346 XII,
312 1296 361 1349 99;
372 1279 429 1332 Cic.
441 1277 476 1331 ud
485 1278 547 1330 niv.
560 1279 613 1342 IV,
628 1280 673 1340 163
687 1279 753 1330 Tac.
766 1278 836 1330 Hist.
849 1277 899 1340 IV,
910 1283 941 1341 4ι
953 1316 961 1341 ,
974 1291 1002 1330 et
1012 1280 1081 1332 dnn.
1092 1280 1178 1345 xm,
1194 1285 1235 1344 ιδ,

156 1358 207 1425 36;
218 1362 282 1426 XV,
295 1381 326 1416 rs
337 1381 345 1426 ς
359 1361 477 1415 Murtiul.
491 1361 570 1424 XIV,
578 1359 624 1432 78,
637 1361 671 1412 sl.
680 1362 774 1412 hocchi
780 1378 887 1430 quoque
897 1378 905 1424 ;
916 1360 939 1412 si
948 1360 1005 1413 buo
1014 1360 1094 1414 lectio
1105 1379 1169 1414 vera
1178 1376 1235 1428 est,

155 1463 211 1496 nou
226 1443 271 1498 dei
285 1465 383 1499 nomeu
397 1463 455 1497 esse
469 1442 649 1510 crediderim,
668 1441 715 1495 sed
729 1455 815 1514 postte
825 1443 904 1496 nobis
919 1442 1020 1513 ignoti,
1033 1444 1081 1514 qui
1095 1445 1165 1497 sorte
1178 1465 1234 1499 uon

156 1528 276 1594 smne,
286 1527 333 1582 sed
341 1530 461 1579 Bacchius
472 1525 622 1590 dicebatur,
631 1525 706 1596 quod
716 1544 815 1578 nomen
824 1526 926 1596 possim
933 1526 1065 1578 occurrit:
1074 1525 1139 1579 vide
1148 1528 1234 1581 Bentl.

156 1609 192 1662 ad
201 1611 269 1664 lior.
280 1611 336 1666 Set.
349 1613 378 1676 1,
392 1630 432 1682 17,
448 1629 489 1667 se.
501 1610 588 1663 nsvin
600 1608 708 1672 dubito,
720 1609 787 1680 quin
796 1608 915 1661 librariis
926 1607 1053 1662 debeatur
1063 1610 1116 1663 boc
1126 1630 1235 1677 nomen,

156 1693 232 1764 quod
246 1695 299 1747 illis
312 1695 402 1746 notius
415 1707 487 1757 erat,
503 1691 573 1745 etad
587 1691 682 1757 deum,
694 1695 817 1744 Alcithoes
831 1693 1001 1764 punitorem,
1015 1694 1049 1746 ub
1060 1693 1156 1748 iisdem
1166 1697 1235 1749 relu-

157 1789 216 1829 tum
227 1777 277 1831 sit:
288 1791 318 1832 ut
330 1776 396 1830 adeo
409 1789 490 1848 poeta
504 1775 643 1846 scripserit
652 1777 781 1827 Alcithoen
794 1778 878 1826 Pacci.
890 1778 1043 1850 Utrumque
1053 1780 1156 1851 recepit
1168 1782 1234 1834 Ach.

156 1860 253 1933 Neque
262 1873 351 1914 tamen
360 1877 521 1931 magnopere
531 1858 753 1930 repugnaverim,
766 1859 789 1910 si
800 1859 860 1930 quis
871 1862 1022 1926 Alcyorrem,
1035 1879 1082 1915 seu
1092 1867 1234 1929 Alcyonen,

158 1944 201 1996 vel
214 1946 334 1996 Alcuirosn
346 1955 458 2017 propter
471 1942 660 1996 auctoritatem
677 1941 809 1994 librorum
823 1943 939 1995 retinere
953 1945 1036 1997 malit.
1051 1946 1141 1999 Possis
1155 1949 1236 2001 etiarn

158 2027 306 2099 suspicari,
320 2047 370 2098 pro
380 2028 485 2090 Baccho,
494 2043 540 2078 seu
555 2027 660 2076 Bacchis
673 2035 698 2077 et
711 2028 802 2076 Paccio
816 2026 1034 2081 substituendum
1045 2047 1103 2082 csse
1115 2034 1233 2092 Accium,

158 2129 206 2162 sen
216 2113 323 2171 Attium,
338 2109 469 2181 insignem
481 2122 588 2181 poetam
600 2108 745 2179 tragicum,
761 2108 807 2179 qui
821 2107 932 2161 Pacuvii
946 2110 1062 2181 bellique
1075 2111 1235 2167 Numantini

157 2193 323 2265 temporibus
333 2193 417 2258 vixit;
429 2192 471 2246 vel
482 2191 591 2262 potius,
606 2189 734 2244 suadente
744 2189 775 2242 C.
788 2191 910 2256 Valerio,
927 2192 1069 2264 legendum
1078 2213 1136 2248 esse
1150 2201 1236 2263 Bassi,

158 2287 189 2329 ut
202 2275 360 2349 designetur
371 2276 474 2329 Saleius
486 2275 594 2342 bassus,
608 2272 641 2327 de
654 2293 708 2346 quo
721 2273 784 2328 vide
797 2275 867 2328 inire
881 2272 916 2328 ad
927 2295 968 2330 vs.
984 2277 1027 2330 80.
1039 2307 1075 2318 -
1087 2279 1141 2332 Pro
1156 2285 1235 2333 Terea

159 2361 228 2414 male
242 2363 335 2412 Thema
346 2365 389 2424 oh,
399 2374 425 2414 et
437 2365 537 2422 Tema,
550 2376 590 2426 19,
604 2358 645 2411 23.
657 2359 697 2412 De
711 2361 786 2410 Tereo
795 2357 857 2412 vide
871 2359 975 2413 Comm.
987 2379 1047 2432 sup.
1057 2359 1089 2413 ud
1099 2361 1153 2424 v1,
1165 2365 1233 2427 644,

159 2455 186 2497 et
197 2443 267 2498 inire
280 2443 315 2498 ad
325 2461 364 2497 rs.
377 2443 419 2517 73.
439 2444 503 2496 Fuit
515 2453 702 2514 argumentum
716 2461 748 2494 oc
760 2442 853 2494 titulus
867 2443 1011 2495 multarum
1028 2444 1235 2515 tragoediarum,

159 2547 225 2600 quas
239 2527 396 2599 Sophocles,
406 2525 560 2597 Euripides,
570 2526 664 2580 Livius
674 2523 856 2589 Andronicus,
867 2526 897 2577 L.
909 2526 998 2579 Attius
1009 2527 1111 2598 aliique
1118 2529 1233 2602 scripse·

158 2623 230 2663 runt.
250 2609 294 2664 Sic
305 2625 332 2664 et
348 2613 452 2662 Thebais
464 2611 506 2680 (h.
524 2611 577 2663 loc.
596 2610 703 2678 Thshoe)
718 2607 846 2680 inscripta
863 2607 930 2661 olim
947 2628 1002 2662 non
1019 2610 1100 2664 modo
1117 2614 1234 2666 carmina

158 2692 283 2760 bmoion,
295 2692 433 2759 sedetiam
443 2691 594 2764 tragoedias,
606 2693 685 2746 verbi
694 2709 788 2746 caussa
797 2691 917 2764 ejusdcm
926 2693 995 2746 Attii
1007 2705 1034 2746 et
1045 2693 1161 2748 Senecae.

194 2876 262 2923 Vn.
284 2876 324 2923 rs.
338 2877 404 2932 Horo,
420 2890 465 2935 ιι,
478 2875 521 2932 45,

194 2968 262 3022 Nor.
284 2969 325 3032 13,
336 2974 377 3032 ι4.
397 2969 458 3022 Hoc
465 2968 547 3021 setius
556 2980 610 3031 est,
620 2985 701 3039 quum
710 2967 734 3019 si
740 2969 794 3026 soh,
805 2966 858 3018 hoc
867 2978 922 3030 est,
932 2983 1023 3020 curant
1032 2969 1131 3034 ,judice
1137 2968 1233 3022 lulsum

158 3053 234 3107 dicas
247 3052 437 3107 testimonium.
450 3053 527 3106 Conf-
542 3051 577 3108 od
590 3053 639 3115 IV,
654 3069 701 3112 rs,
717 3062 743 3103 et
754 3049 838 3112 xv1,
852 3066 896 3116 ²9·

195 3226 263 3273 Vn.
284 3226 324 3273 15.
337 3224 450 3272 Etobest
460 3223 492 3270 ab
506 3225 553 3282 46,
567 3230 613 3282 47,
627 3221 668 3276 48.
686 3219 768 3265 Prima
786 3217 841 3280 spii.
857 3231 911 3264 voc.
930 3216 1031 3280 Bithyni
1045 3235 1134 3283 anceps
1144 3232 1194 3282 est,
1208 3233 1236 3270 ut

159 3307 242 3355 multus
254 3307 314 3366 alise,
327 3297 352 3354 b.
366 3306 383 3355 l.
396 3306 487 3366 brevis,
502 3315 527 3352 at
539 3303 614 3368 longa
628 3302 672 3349 inf.
685 3303 725 3360 X,
741 3299 798 3348 162.
813 3297 927 3356 Briarei,
945 3315 985 3362 ¹9·

194 3399 262 3452 Nor.
285 3400 397 3462 ι4-ι6,
415 3397 527 3451 Faciant
541 3397 611 3460 hoc,
626 3393 690 3464 qui,
704 3410 787 3463 quum
800 3389 864 3442 olim
878 3390 948 3442 servi
962 3390 1092 3453 fuissent,
1108 3412 1140 3445 cx
1154 3397 1234 3458 Asin,

161 3485 319 3551 Cappadocia
331 3495 357 3536 et
370 3483 485 3548 Bithynia
500 3481 613 3532 Romam
624 3474 741 3529 traducti
757 3471 836 3540 (vide
851 3473 941 3543 intpp.
951 3473 1059 3528 Petron.
1075 3493 1109 3542 ²9
1126 3486 1152 3529 et
1165 3474 1234 3544 63),

157 3570 213 3640 jem
223 3587 271 3640 per
279 3569 360 3620 malus
367 3579 436 3619 artes
447 3564 486 3617 ibi
497 3561 530 3616 ad
540 3580 650 3615 censum
660 3559 874 3630 dignitatemque
882 3569 1033 3627 equestrem
1044 3574 1234 3630 pervenerunt.

159 3651 205 3704 Sic
221 3669 313 3704 omnes
330 3652 487 3721 interpretes
501 3668 509 3711 ;
527 3659 555 3700 at
567 3643 665 3698 rectius
687 3643 780 3696 forsan
800 3641 954 3692 Actutum.-
973 3663 984 3685 ι
995 3641 1054 3711 Ego
1066 3659 1121 3693 non
1136 3641 1194 3694 huc
1206 3662 1237 3695 re

158 3731 285 3787 veredici
294 3732 417 3786 existimo
429 3728 555 3784 deservis
565 3725 719 3780 adcensum
727 3735 879 3794 equestrem
888 3722 1034 3793 provectis,
1043 3722 1088 3794 qni
1097 3734 1162 3776 tunc
1170 3737 1236 3778 tem-

159 3816 232 3888 poris
243 3833 297 3869 non
312 3814 380 3869 adeo
393 3812 587 3886 frequentiores
600 3821 678 3863 erunt
688 3811 793 3872 Rome,
808 3803 856 3858 sed
868 3803 901 3857 de
915 3805 973 3858 istis
983 3805 1163 3859 nebulonibus
1173 3826 1236 3880 pes-

159 3898 236 3951 simis
254 3910 282 3951 et
295 3897 329 3951 de
345 3895 477 3951 industria
489 3895 568 3955 viris,
590 3893 637 3964 qni
652 3888 786 3964 quotidie,
804 3900 834 3940 nt
854 3885 927 3957 apud
940 3905 990 3940 nos
1007 3887 1111 3940 nobiles
1126 3888 1235 3956 fictitii,

160 3983 291 4032 chevaliers
304 3981 470 4045 d'iudustrie,
481 3990 507 4032 et
520 3979 678 4049 plerumque
688 3975 760 4024 niudis
769 3973 873 4038 pedihus
885 3989 918 4024 cx
931 3969 1078 4041 provinciis
1092 3971 1119 4022 in
1134 3973 1235 4026 Urbem

161 4063 321 4132 effluebant,
332 4081 397 4134 opes
410 4077 437 4116 et
449 4061 561 4116 divitias
574 4059 726 4132 quaesituri,
741 4074 808 4128 quus
821 4073 884 4108 mox
896 4072 945 4125 per
956 4054 1071 4120 furtum,
1087 4053 1237 4110 delationes

160 4162 187 4203 et
202 4148 318 4221 perjuria
331 4148 383 4201 sibi
392 4157 546 4218 parerent·
560 4141 728 4197 Videnturh.
741 4141 759 4192 l.
769 4139 855 4193 obiter
868 4137 942 4207 tangi
956 4149 1012 4189 tum
1024 4139 1151 4208 Romani,
1162 4141 1236 4214 quod
