3148 4990
435 485 489 552 IN
519 487 749 553 SATIRAM
777 486 994 552 PRIMAM.
1205 511 1242 554 αι

173 596 299 650 tatianum
319 615 427 668 genus:
448 600 539 672 epioe,
559 613 614 653 tum
627 599 774 671 tragoedico,
788 613 813 652 et
827 599 901 670 elegi.
918 598 1066 670 Tragoedias
1086 601 1245 672 omninoque
1268 587 1275 602 ¹

177 682 276 734 fabulas
287 680 320 734 ad
334 682 469 753 agendum
482 685 637 756 compositas
646 685 764 751 recitari,
773 703 818 737 seu
829 681 932 756 praelegi
939 721 947 746 ,
961 680 1069 738 Athenis
1079 685 1184 748 Atticis,
1196 682 1244 735 flo-

176 772 248 812 rente
267 779 297 812 re
318 762 423 814 scenica
444 762 590 816 inauditnm
610 761 680 828 suit,
700 763 751 815 uisi
769 782 851 835 quum
870 775 945 835 poeta
963 759 1121 822 δὶδὶίαιλσς
1133 764 1245 834 singulas

177 841 301 898 dramatis
311 857 398 916 partes
412 843 572 899 discentibus
584 847 755 900 histrionibus
765 846 841 900 docta
855 849 926 902 vocis
937 850 1112 903 modulatione
1122 847 1247 920 praeibat,
1296 843 1303 868 ¹

177 925 219 976 rel
234 926 398 997 Antiphanes
413 927 509 999 aliquis
526 927 679 981 comoediam
692 926 726 980 ad
738 947 813 980 aures
831 930 971 986 Alexandri
983 933 1051 1004 regis
1064 932 1129 983 intra
1143 929 1245 980 domes-

178 1009 243 1062 ticos
261 1011 373 1082 parietes
393 1013 535 1078 recitabam
555 1031 633 1084 quam
652 1031 707 1066 rem
726 1009 804 1064 tradit
822 1013 916 1068 Athen.
938 1015 985 1069 lib.
1005 1016 1073 1068 XIII
1090 1033 1131 1086 pr,
1151 1013 1246 1066 Contra

178 1089 279 1155 Roma,
288 1103 425 1162 poetarum
435 1092 593 1164 tragicorum
604 1091 688 1146 studia
698 1092 724 1144 in
734 1081 1074 1156 iaredliirrs'oontinebantur
1081 1094 1246 1167 plerumque,

179 1171 300 1242 inprimis
310 1174 360 1226 sub
373 1171 538 1242 Cesaribus;
552 1175 636 1228 rarius
647 1174 792 1247 tragoedico,
806 1177 877 1248 apud
889 1178 1022 1232 auditores
1035 1179 1148 1232 recitatae
1160 1196 1175 1229 a
1187 1193 1248 1248 poe·

180 1253 229 1318 tis,
249 1255 276 1306 in
290 1275 394 1308 scenam
411 1256 625 1328 producebantur
638 1259 832 1330 agebanturque
851 1272 924 1330 gestu
941 1260 1117 1314 histrionum:
1137 1275 1248 1330 queres

181 1339 295 1408 pertinet
307 1339 341 1392 ad
355 1339 516 1394 decantatam
530 1341 601 1394 illam
613 1361 696 1395 scente
706 1342 808 1412 tragicae
820 1342 1008 1414 neglectionem
1021 1343 1094 1416 apud
1103 1344 1249 1405 Romanos;

182 1439 208 1473 r.
221 1421 361 1494 Boettigeri
374 1421 496 1488 Proles,
510 1444 534 1477 a.
549 1426 632 1494 1798,
645 1425 679 1478 de
692 1437 804 1496 quatuor
817 1426 933 1479 aetatibus
947 1427 985 1479 rei
998 1426 1108 1480 scenicae
1120 1423 1191 1497 apud
1204 1442 1249 1477 re·

181 1515 260 1568 teres,
274 1523 302 1575 p.
318 1522 349 1570 ¹9
362 1518 417 1558 not.
430 1506 539 1559 Serioris
552 1507 632 1558 rotatis
643 1507 708 1578 quid
721 1505 804 1560 isthac
814 1508 841 1559 in
852 1527 881 1561 re
893 1510 1030 1582 proprium
1040 1509 1119 1561 suerit
1128 1548 1136 1572 ,
1145 1505 1253 1578 quando

180 1603 216 1636 ne
228 1586 340 1657 posteris
352 1587 460 1658 quidem
474 1587 567 1641 sermio
582 1588 718 1660 tragoedias
730 1589 922 1662 comoediaeque
934 1608 983 1662 per
994 1590 1117 1643 ludorum
1130 1588 1251 1643 solemni·

182 1681 262 1722 tatem
275 1670 302 1721 in
315 1689 391 1724 scena
405 1671 482 1724 edere
494 1673 571 1744 plane
583 1685 711 1726 cessatum
726 1685 781 1736 est,
799 1673 922 1744 singulari
940 1671 1072 1744 diligentis
1086 1671 1198 1725 ostendit
1210 1670 1252 1724 vir

181 1751 289 1806 doetus
301 1753 372 1807 Petr.
383 1754 427 1806 Er.
438 1755 580 1822 Millerns,
592 1755 663 1807 Prot.
677 1755 841 1819 liriniensis,
855 1767 995 1808 comment.
1008 1754 1042 1807 de
1050 1773 1106 1807 nvo
1117 1751 1250 1806 Theodos.

182 1853 211 1907 p.
226 1835 271 1900 11,
284 1855 312 1907 p.
332 1835 397 1902 134,
410 1857 465 1910 seq.
480 1839 533 1903 Qui
546 1850 606 1910 post
618 1836 754 1908 tragoedias
766 1856 845 1909 porro
857 1850 1095 1892 commemorantur
1107 1841 1185 1906 elegi,
1204 1835 1252 1888 hos

182 1929 244 1970 nota
256 1917 351 1985 Plinii,
361 1921 464 1992 epistol.
474 1921 542 1986 v11,
555 1938 598 1989 17,
609 1920 704 1972 omittit
716 1921 743 1971 in
754 1939 863 1974 recensu
874 1939 999 1993 operum,
1010 1939 1124 1993 quorum
1135 1919 1253 1974 recitatio

182 2012 239 2052 tnm
258 2020 308 2054 usu
321 2016 425 2074 recepta
443 2003 511 2069 tuin
531 2003 579 2056 etsi
591 2002 621 2055 hi
640 2020 765 2074 quoque,
785 2021 839 2055 non
856 2004 960 2069 minus,
977 2021 1056 2074 quam
1076 2003 1176 2074 lyrico,
1196 2020 1255 2073 qun

182 2085 302 2158 profert,
322 2107 459 2154 caussam,
478 2089 505 2140 in
526 2107 577 2159 qua
598 2085 693 2142 tuenda
713 2088 772 2141 istic
792 2099 929 2152 versatur,
949 2086 1143 2159 quodammodo
1162 2089 1254 2158 juvare

184 2183 314 2242 poteram.
324 2172 377 2226 sed
387 2177 506 2243 elegidrb,
521 2187 551 2227 ut
561 2175 690 2240 lectitata,
703 2192 823 2246 expresse
834 2173 951 2226 nominat
961 2172 1080 2238 Persius,
1091 2183 1138 2224 sat.
1150 2171 1179 2235 1,
1190 2170 1250 2224 51.-

221 2295 257 2306 -
270 2267 344 2318 Codri
349 2288 360 2327 ;
371 2267 450 2339 hujus
458 2286 511 2320 non
522 2269 584 2320 alibi
595 2269 625 2320 dt
635 2268 749 2334 mentio,
761 2269 812 2320 uisi
824 2269 891 2320 sorte
901 2267 950 2319 inf.
964 2267 1022 2331 III,
1038 2266 1108 2332 aod,
1122 2285 1176 2336 seq.
1192 2267 1203 2332 (
1209 2264 1253 2316 ubi
1295 2321 1300 2334 .

184 2361 272 2402 tamen
285 2368 338 2401 non
351 2349 386 2402 de
401 2351 471 2403 malo
484 2363 577 2423 poeta,
598 2363 627 2404 ut
640 2351 668 2405 h.
691 2352 709 2402 l.
721 2391 728 2415 ‚
747 2349 794 2402 sed
805 2349 838 2401 de
855 2365 971 2421 paupere
983 2348 1107 2414 homine,
1125 2359 1155 2400 ut
1167 2348 1254 2400 forsan

184 2451 230 2504 ap.
244 2432 358 2486 uenio.
373 2433 418 2499 11,
434 2434 482 2503 57,
497 2441 529 2499 43
543 2435 632 2500 ΨΜ
642 2473 650 2498 ,
664 2435 698 2497 8;
711 2433 754 2497 V,
769 2450 817 2501 η,
832 2430 873 2502 agi
885 2428 1023 2498 ridetur),
1044 2443 1069 2483 et
1081 2449 1124 2503 ap.
1140 2430 1252 2482 Martini.

186 2516 244 2583 IV,
258 2535 307 2584 29,
319 2517 353 2582 8,
367 2517 413 2569 nbi
424 2511 580 2589 aScaIiger'o
589 2518 631 2585 (in
642 2515 799 2587 Scaligeran.
811 2533 839 2586 p.
853 2515 901 2584 77)
911 2533 960 2586 pro
971 2519 1067 2575 Marso,
1081 2515 1127 2586 qui
1138 2515 1255 2585 egregius

187 2611 265 2670 poeta
278 2599 344 2664 tuit,
359 2610 385 2651 et
397 2598 448 2670 ipsi
460 2598 572 2650 Martiali
587 2598 682 2670 passim
696 2596 826 2650 laudatur.
840 2599 931 2647 Codrus
940 2597 1116 2662 substituitur,
1129 2597 1256 2668 probante

187 2679 320 2732 Henninio
330 2678 365 2732 ad
375 2679 404 2732 b.
416 2680 434 2732 1.
447 2679 493 2732 nhi
511 2681 650 2732 Theseidem
662 2679 726 2733 dicit
738 2691 765 2730 et
777 2681 951 2730 Amazonidem
962 2697 1045 2731 unum
1057 2678 1123 2731 forte
1135 2677 1256 2749 idemque

184 2778 254 2831 opus
268 2761 364 2827 inisse,
380 2773 405 2814 et
418 2760 563 2828 rationem,
581 2779 629 2814 cur
642 2759 807 2813 Amazonidis
819 2777 916 2813 nornen
929 2759 1053 2813 Theseidi
1065 2761 1181 2832 potuerit
1193 2777 1256 2814 con-

187 2843 295 2908 venire,
311 2861 344 2896 er
357 2844 413 2915 ipsa
426 2843 523 2898 Thesei
535 2843 643 2898 historia
657 2844 766 2915 liquere.
780 2839 823 2895 CI.
838 2843 902 2895 Var.
918 2841 992 2895 Lect.

222 2969 258 2978 —
271 2941 363 2998 Itucci,
377 2938 513 2992 recitando
525 2951 551 2992 et
564 2937 716 3004 clamando,
730 2949 759 2990 ut
770 2937 827 3002 VI,
841 2936 890 2990 51⁵
901 2959 909 3003 ;
922 2936 1035 2990 Martini.
1048 2937 1103 3003 tv,
1117 2937 1151 3002 8,
1168 2956 1181 2990 a
1193 2958 1200 3002 ;
1214 2937 1257 3004 X,

188 3021 222 3086 ⁵,
237 3025 263 3081 4.
279 3021 408 3074 Carminis
421 3019 557 3093 longitudo
569 3020 710 3092 significari
723 3019 844 3083 videtum
858 3018 903 3071 sed
912 3019 1002 3092 judice
1012 3019 1090 3072 Heio.
1103 3032 1191 3072 tumor
1201 3037 1258 3072 car·

187 3103 286 3167 minis,
299 3105 345 3176 qni
358 3105 494 3171 effecerit,
512 3117 542 3156 ut
554 3121 646 3158 rocem
659 3101 735 3155 valde
751 3101 913 3168 intenderet,
927 3121 980 3173 quo
992 3120 1069 3154 sensu
1082 3100 1177 3156 dixerit
1187 3102 1258 3154 Mar·

188 3185 654 3256 oam,umov111,eptgr.3,15;

408 3285 522 3347 Praelegat
530 3293 556 3330 nt
566 3283 670 3330 tumidus
680 3297 749 3330 rauca
758 3259 784 3328 te
791 3296 849 3328 voce
859 3281 980 3343 magister:

191 3395 216 3436 et
227 3383 351 3450 Persius,
365 3384 393 3437 in
405 3384 490 3458 prima
503 3383 598 3450 satira,
612 3402 679 3437 vers.
695 3389 745 3448 ¹43

409 3483 537 3530 Scribimus
548 3482 633 3528 inclusi
641 3514 646 3527 .
655 3515 660 3527 .
670 3515 676 3526 .
686 3514 706 3527 ..

412 3558 506 3604 Grande
515 3556 617 3619 aliquid,
627 3555 691 3618 qood
700 3554 781 3616 pulmo
791 3553 872 3600 anime
882 3552 1010 3614 praelargus
1019 3549 1127 3607 anhelet,

138 3621 141 3626 Ι
191 3657 226 3712 sd
238 3677 298 3730 qna
312 3657 393 3711 verba
408 3657 469 3711 vide
481 3658 671 3712 Casaubonem.

226 3799 264 3810 -
284 3770 417 3828 Theseide,
436 3765 588 3820 recitatione
600 3762 754 3829 Theseidis,
775 3761 905 3833 nagoediae
915 3802 923 3826 ,
944 3761 986 3812 vel
1005 3758 1129 3812 carminis
1149 3757 1216 3832 epici
1229 3759 1263 3812 de

191 3851 270 3905 rebus
289 3869 303 3901 a
321 3849 427 3902 Theseo
440 3848 534 3920 gestis,
553 3846 640 3918 qualia
653 3846 717 3898 olim
729 3844 817 3917 plures
831 3857 914 3916 poetae
927 3843 1071 3915 scripsere,
1087 3839 1121 3893 de
1136 3859 1190 3913 quo
1206 3840 1261 3894 vid,

191 3933 279 4004 lleyn.
298 3931 360 3983 Not.
376 3927 577 4002 adApollodor.
593 3927 685 3995 11,5,
702 3943 731 3979 rr
743 3965 751 3994 ,
765 3937 791 3978 et
802 3925 860 3992 III,
877 3927 926 3990 ιθ,
943 3939 966 3975 1.
1188 3937 1191 3942 ·

226 4039 294 4092 Nor.
316 4037 342 4092 3.
357 4043 475 4108 imposne,
497 4039 553 4091 sine
565 4037 657 4110 poeni,
678 4055 745 4103 nou,
766 4035 852 4088 otalii
866 4045 1017 4112 exponunt,
1038 4033 1094 4087 siue
1106 4035 1212 4088 effectu.
1228 4063 1264 4074 -

194 4129 300 4193 rogatas
314 4123 435 4189 fabulas,
455 4123 483 4174 in
496 4121 591 4194 quibus
603 4123 780 4176 Romanorum
794 4121 860 4173 iacta
875 4132 901 4173 et
914 4136 999 4174 mores
1012 4116 1218 4183 exhibebantur,
1235 4128 1264 4170 ut

188 4209 344 4264 Graecorum
357 4208 386 4260 in
394 4209 528 4276 palliatis:
545 4225 605 4260 nam
618 4219 676 4278 toga
689 4204 812 4265 Romanis
825 4202 874 4258 luit
888 4201 1012 4281 propria,
1027 4211 1056 4252 ut
1068 4201 1178 4272 pallium
1191 4199 1264 4252 Gro-
