3122 4986
339 409 404 472 628
616 413 657 475 D.
686 411 823 477 JUNII
852 413 1135 482 JUVENALlS

337 528 406 594 Vos
421 523 582 610 humiles,
597 525 726 620 inquis,
741 524 833 620 vulgi
850 522 926 622 pars
943 527 1061 598 ultima
1074 530 1197 616 nostri,

334 635 490 724 Quorum
507 658 608 704 nemo
624 635 725 730 queat
742 637 885 731 patriam
900 653 1091 708 monstrare
1109 642 1282 734 parentis;

332 751 395 816 Ast
410 769 473 838 ego
488 745 710 840 Cecropides:
726 749 818 815 vivas
835 761 870 816 et
885 749 1028 842 originis
1042 749 1144 841 hujus

335 853 468 922 Gaudia
482 853 582 947 longa
597 853 702 942 feras;
718 871 832 924 tamen
850 857 917 924 ima
933 855 1030 952 plebe
1046 857 1215 946 Quiritem

331 963 528 1033 Facundum
542 965 711 1034 invenies:
729 965 814 1035 solet
830 967 887 1035 hic
901 964 1085 1060 defendere
1101 991 1232 1036 caussas

332 1071 464 1143 Nobilis
480 1071 622 1141 indocti:
639 1073 755 1142 veniet
773 1073 816 1141 de
834 1073 932 1169 plebe
949 1089 1079 1167 togata,

330 1183 399 1278 Qui
409 1183 494 1276 juris
513 1183 620 1251 nodos
639 1197 674 1249 et
690 1181 804 1274 legum
821 1182 1131 1274 aenigmatasolvat.
1241 1201 1244 1212 ⁴
1322 1211 1331 1218 ·
1379 1201 1414 1253 5ο

330 1293 395 1362 Hic
412 1293 497 1387 petit
509 1292 708 1386 Euphraten
723 1291 877 1382 juvenis,
893 1291 1078 1386 domitique
1091 1292 1207 1359 Batavi

330 1401 494 1471 Custodes
508 1399 649 1494 aquilas,
665 1401 766 1468 armis
784 1400 986 1485 industrius3
1001 1415 1036 1468 at
1050 1416 1087 1468 tu

329 1510 386 1582 Nil
404 1511 467 1579 nisi
482 1509 707 1603 Cecropides,
725 1523 914 1602 truncoque
929 1508 1118 1578 simillimus
1131 1512 1279 1581 Herma.

319 1618 432 1695 ,Nullo
449 1619 575 1714 quippe
592 1615 657 1685 alio
673 1617 780 1686 vincis
798 1617 1006 1703 discrimine,
1022 1643 1123 1712 quam
1138 1618 1230 1712 quod

289 1737 291 1744 ’
328 1729 379 1798 llli
395 1753 622 1797 marmoreum
637 1741 739 1824 caput
755 1743 823 1813 est,
839 1742 897 1795 tua
910 1727 993 1796 vivit
1008 1727 1128 1822 imago.
1374 1748 1409 1798 55

374 1839 439 1906 Dic
455 1837 557 1919 mihi,
572 1839 782 1906 Teucrorum
801 1833 930 1930 proles,
949 1835 1104 1904 animalia
1117 1853 1211 1906 muta

325 1947 411 2036 Quis
426 1971 586 2041 generosa
600 1960 713 2040 putet,
730 1946 793 2014 nisi
808 1943 932 2013 fortia?
947 1969 1070 2040 nempe
1086 1945 1260 2016 volucrem

326 2057 381 2125 Sic
398 2055 569 2124 laudamus
583 2080 727 2147 equum,
742 2053 834 2123 facili
850 2054 905 2123 cui
924 2053 1068 2149 plurima
1085 2053 1194 2148 palma

325 2285 453 2360 ignobile
472 2288 576 2364 vulgus
595 2285 679 2356 estis3
700 2305 827 2362 quorum
846 2298 980 2360 parentes
995 2287 1035 2344 ita
1051 2299 1120 2344 sunt
1137 2288 1269 2359 obscuri,
1286 2301 1318 2345 ut
1337 2309 1400 2364 quo

281 2395 283 2402 ’
324 2377 396 2433 editi
408 2375 467 2433 sint
477 2379 543 2435 loco
556 2377 653 2434 dicere
665 2377 715 2434 vix
729 2378 880 2452 quisquam
895 2380 1006 2454 possit:
1024 2401 1079 2456 ego
1093 2400 1154 2436 non
1169 2381 1265 2437 minus
1280 2383 1397 2456 antiqua

323 2479 353 2524 et
364 2470 439 2525 clara
450 2451 601 2528 nobililate
615 2491 693 2540 sum,
707 2489 794 2546 quam
807 2481 919 2527 veteres
932 2471 976 2528 illi
986 2471 1191 2541 Athenienses,
1203 2473 1254 2545 qui
1267 2491 1297 2528 se
1310 2493 1327 2528 a
1340 2475 1397 2530 Ce—

225 2601 228 2608 -
324 2579 413 2635 crope
427 2561 568 2618 oriundos
578 2562 782 2636 praedicabant.
795 2564 835 2618 At
851 2573 884 2618 tu
896 2573 1003 2632 macte,
1015 2562 1069 2618 ista
1080 2556 1248 2632 nobilitate,
1261 2565 1315 2619 bac
1327 2583 1398 2638 pro·

322 2654 400 2727 sapia
408 2654 508 2711 beatus
517 2665 545 2710 et
553 2657 675 2728 pulcher
682 2653 790 2710 diutius
802 2665 864 2711 esto
876 2676 883 2711 :
895 2655 1082 2711 nihilominus
1092 2654 1123 2708 in
1132 2653 1227 2709 infima
1235 2655 1296 2723 illa,
1307 2673 1397 2730 quam

323 2746 459 2821 despicis,
471 2747 557 2821 plebe
571 2746 696 2820 reperias
708 2747 856 2803 cives'non
870 2731 987 2824 uulgari
998 2747 1134 2822 praeditos
1153 2748 1328 2822 eloquentiae
1341 2749 1396 2822 qni

323 2840 466 2896 nobilium
486 2840 673 2896 indoctorum
688 2839 756 2912 jura
771 2849 928 2896 tueantur:
950 2860 986 2896 ex
1001 2841 1050 2896 illa
1065 2841 1145 2916 vulgi
1163 2842 1230 2897 faece
1245 2841 1395 2916 prodeunt

318 2933 498 3008 jurisperiti,
516 2932 566 3006 qui
579 2933 656 3007 leges
671 2932 710 2987 ad
723 2930 895 2987 solvendum
910 2932 1092 2989 difficillimas
1106 2933 1261 3008 explicent,
1279 2934 1331 3007 qui
1346 2935 1393 3008 jus

320 3025 488 3100 ambiguum
496 3035 524 3080 et
529 3025 685 3080 obscurum
694 3023 847 3078 illustrent.
858 3022 930 3078 Inde
939 3023 1049 3079 strenui
1055 3023 1176 3096 juvenes
1185 3025 1331 3100 leguntur,
1342 3027 1393 3100 qui

319 3115 406 3171 armis
422 3115 588 3171 victricibus
601 3114 631 3169 iu
645 3114 741 3169 ultimi
757 3113 886 3170 Orientis
901 3133 979 3184 oras,
993 3113 1032 3168 ad
1045 3114 1211 3189 Euphraten
1222 3125 1393 3189 penetrent;

320 3205 372 3280 qui
387 3205 512 3262 domitos
526 3223 621 3280 nuper
634 3206 665 3260 in
679 3204 838 3262 Occidente
853 3207 973 3264 batavos
987 3204 1148 3279 aquilarum
1163 3205 1252 3281 signis
1268 3225 1391 3280 praen-

321 3297 589 3365 tibuscontiueant,
611 3317 648 3352 ne
667 3297 817 3352 rebellent.
838 3298 885 3352 Tu
901 3297 975 3352 nihil
993 3296 1111 3352 interim
1133 3297 1213 3354 aliud
1227 3297 1390 3374 egregium,

320 3400 425 3465 preter
435 3389 541 3446 nobilis
554 3389 612 3444 viri
624 3400 654 3445 et
665 3388 832 3462 Cecropidae
844 3407 951 3444 nomen
962 3387 1064 3456 babes,
1076 3387 1132 3443 illis
1144 3389 1284 3444 Mercurii
1293 3391 1392 3464 statuis

320 3485 425 3541 merito
439 3483 662 3557 comparandus,
678 3482 709 3538 in
723 3482 827 3556 quibus
840 3493 931 3537 exstat
942 3481 1036 3536 solum
1048 3492 1148 3554 caput,
1164 3481 1307 3555 reliquum
1317 3501 1391 3538 rero

319 3595 426 3652 corpus
438 3577 527 3644 rude,
542 3593 574 3631 ac
588 3585 692 3630 trunco
703 3572 850 3648 stipitique
861 3571 1037 3627 simillimum
1047 3586 1106 3628 est:
1121 3573 1177 3628 hoc
1188 3591 1279 3628 unum
1289 3574 1391 3630 discri-

319 3685 386 3723 men
400 3667 476 3723 inter
493 3677 522 3722 te
542 3675 628 3739 atque
650 3665 711 3720 illas
728 3674 832 3720 statuas
850 3663 1019 3731 intercedit,
1043 3663 1124 3738 quod
1142 3673 1174 3719 tu
1194 3675 1287 3720 statua
1308 3666 1389 3732 viva,

317 3759 485 3835 spiransque
501 3750 619 3813 tnurcus
633 3773 676 3822 es,
692 3754 747 3809 illae
763 3771 917 3838 exsangues
932 3764 960 3809 et
975 3765 1235 3810 marmoreaesunt.

358 3848 405 3904 56.
419 3855 482 3926 Age
485 3891 498 3935 ,
513 3869 531 3906 ο
542 3847 724 3923 Trojugena,
739 3865 773 3902 ex
785 3845 954 3901 animalibus
970 3847 1056 3902 mutis
1070 3865 1199 3920 quaenam
1213 3847 1389 3904 arbitramur

316 3957 376 3994 esse
386 3941 512 4009 nobilia,
527 3939 582 3996 nisi
594 3958 657 4014 quae
671 3947 807 4014 prestant
818 3937 925 3992 robore
936 3937 949 3991 i
966 3937 1081 3994 Scilicet
1091 3937 1170 3994 hunc
1183 3937 1215 3994 in
1227 3940 1322 4013 pretio
1334 3940 1389 3993 ha·

315 4029 416 4084 bemus
429 4048 553 4104 equum,
570 4031 621 4104 qui
636 4027 773 4105 plurimas
785 4029 815 4084 in
828 4027 914 4085 Circo
927 4027 1079 4102 facilesque
1095 4027 1229 4086 victorias
1246 4030 1323 4098 tulit,
1336 4028 1387 4083 cui

209 4134 211 4138 ’
287 4199 292 4213 .
314 4122 444 4179 currenti
463 4122 648 4197 sincentique
662 4122 759 4178 tatutis
773 4119 948 4178 clamoribus
961 4119 1101 4195 applausit
1118 4121 1181 4176 leta
1198 4119 1392 4195 spectantium
