3058 4988
323 391 390 464 402
483 381 657 448 vntum
680 381 975 450 tncutouns
999 384 1063 448 nr
1085 385 1239 453 norm

322 501 398 554 lanus
414 498 471 569 ipse
488 515 542 549 non
558 497 686 562 saltabat,
709 495 754 548 sed
772 500 828 569 ejus
846 499 924 550 verba
944 502 1071 571 jocosque
1089 498 1184 552 histrio
1203 502 1402 571 gesticulatione

322 582 486 655 exprimebat
502 577 568 647 (vid.
585 579 643 631 Liv.
656 577 724 644 VII,
740 581 782 646 ι);
797 579 869 633 uude
879 581 957 633 etiam
971 599 1025 632 non
1039 591 1112 632 erent
1126 581 1255 647 infames,
1269 603 1319 638 nec
1332 587 1402 640 tribu

321 667 506 720 movebantur.
516 691 553 703 -
563 666 633 713 Hisne
642 663 723 731 diligit
731 664 800 714 AElia
808 682 913 734 pauper,
926 663 1004 735 queis,
1016 681 1099 735 quum
1110 665 1244 719 Atellanus
1257 685 1311 720 non
1324 689 1403 724 osne·

321 763 379 817 ret,
392 751 461 802 sieut
474 745 582 814 tragedi
594 757 620 799 et
633 746 761 810 comoedi,
775 747 821 819 qui
836 748 961 800 matronis
975 748 1102 802 divitibus
1116 767 1212 821 magno
1224 751 1402 821 solvebantur,

321 835 417 906 magno
428 842 536 904 sumptu
548 849 616 902 opus
629 849 683 883 non
695 843 750 882 erat
762 830 795 882 ad
807 849 851 884 eos
864 831 996 885 Atellanos
1006 831 1194 886 refibulaudos.
1204 859 1216 879 ι
1228 835 1305 890 Cons.
1318 838 1400 892 Gom.

320 919 355 973 ad
377 918 484 971 Petron.
504 935 532 990 p.
549 933 585 968 m.
605 913 665 983 359.
687 917 819 967 Achaiam
832 933 871 968 vs,
885 933 915 984 7¹
938 926 963 968 et
982 933 1013 984 7²
1028 916 1062 968 its
1077 916 1302 988 interpungendos
1315 931 1403 974 censet

321 1016 349 1058 et
360 997 547 1075 explicandos:
565 1001 664 1049 Urbinas
678 1000 786 1066 (scurra
802 998 957 1067 mimarius)
975 1003 1064 1052 exodio
1077 1005 1150 1052 rhum
1169 1017 1247 1053 movet
1261 1007 1400 1066 Atellano,

319 1087 425 1154 gestibus
436 1085 566 1137 Autonoes.
580 1077 727 1150 etgestibus
740 1078 794 1132 suis
802 1078 885 1131 risum
898 1079 994 1132 excitat
1005 1075 1298 1151 Autonoesmirsrisr,
1309 1095 1402 1155 panto·

320 1169 427 1231 numus,
434 1164 632 1239 gesticulatione
640 1180 686 1216 sus
697 1163 844 1230 expriment
851 1165 926 1234 jocos
935 1161 1062 1216 exodiarii
1075 1185 1120 1220 seu
1130 1169 1243 1223 Atellani
1253 1187 1260 1220 :
1272 1170 1351 1227 hune,
1364 1186 1400 1220 sc.

320 1251 457 1314 Autonea,
478 1237 619 1311 sicorim,
639 1244 720 1311 diligit
734 1245 803 1294 AElia
818 1263 922 1312 perper.
944 1243 1005 1298 Non
1025 1245 1109 1300 mele!
1130 1279 1166 1289 -
1185 1249 1255 1300 AElia
1273 1259 1401 1300 man-ona.

320 1335 391 1386 AElia
400 1351 464 1405 gens
469 1349 569 1400 pauper
578 1330 631 1381 lere
643 1340 668 1381 et
680 1326 783 1399 plebeia
793 1339 813 1380 ¹.
824 1327 968 1400 Paupertas
980 1349 1045 1382 vero
1053 1343 1232 1386 matronarum
1242 1351 1298 1385 non
1309 1331 1403 1396 obstet,

320 1520 368 1554 seu
379 1514 448 1552 tauto
462 1511 559 1550 constat
569 1497 668 1568 pretio,
681 1507 780 1568 quanto
792 1498 992 1568 comodifihula.

355 1597 425 1650 Nor.
447 1595 489 1666 73.
503 1596 608 1646 Solvitur
618 1596 663 1656 tis,
677 1593 711 1646 ab
725 1593 783 1647 aliis
792 1593 919 1648 matronis
930 1591 1082 1661 ditioribus,
1094 1614 1185 1666 magna
1200 1597 1288 1669 pretio
1301 1599 1405 1649 consedi

313 1684 413 1754 fibula,
429 1679 481 1733 hoc
497 1689 550 1744 est,
565 1695 660 1748 magno
673 1676 759 1749 pretio
771 1675 917 1748 corrumpit
933 1675 1106 1744 histrionem,
1120 1697 1167 1733 seu
1179 1692 1315 1738 cantorem
1327 1691 1352 1732 et
1364 1679 1400 1732 ci·

319 1761 484 1826 tharoedum,
502 1773 532 1814 ut
548 1759 672 1825 fibulam,
690 1776 749 1831 qute
768 1778 782 1811 a
799 1759 873 1812 coitu
891 1777 951 1812 eum
969 1761 1109 1832 prohibet,
1127 1763 1227 1827 solvat,
1247 1775 1329 1834 atque
1341 1781 1399 1816 cunt

319 1846 384 1918 ipsis
397 1857 454 1896 tum
470 1842 643 1903 coneumbst;
655 1855 723 1904 sunt,
734 1861 804 1909 quoe,
819 1839 873 1893 boc
887 1853 942 1907 est,
963 1843 1036 1908 nlite,
1056 1858 1142 1896 uetant
1151 1859 1254 1898 cantare
1266 1848 1400 1914 Chrysogo

319 1948 393 1993 uum,
404 1927 456 1980 boo
467 1939 520 1993 est,
530 1925 672 1979 histriones
683 1925 768 1988 coitu,
780 1926 827 1998 qui
840 1925 902 1977 voci
913 1937 990 1977 nocet
999 1962 1007 1990 ,
1017 1925 1053 1978 its
1063 1925 1204 1990 delessent,
1216 1929 1330 1982 utrauci
1342 1929 1400 1982 lacti

320 2013 349 2064 in
361 2029 437 2066 scena
451 2023 555 2061 cantare
565 2019 705 2080 nequeunt.
716 2009 842 2062 Cantores
853 2009 916 2060 olim
928 2007 1086 2062 valetudinis
1093 2023 1118 2063 et
1129 2011 1203 2066 vocis
1215 2010 1401 2066 conservando

320 2113 412 2149 caussa
428 2091 561 2145 infibulari
571 2132 579 2158 ,
591 2091 644 2144 hoc
656 2103 708 2158 est,
725 2077 846 2163 glandei,
859 2092 915 2146 sive
928 2113 1044 2148 summas
1057 2109 1143 2168 partes
1156 2097 1311 2167 genitalium
1316 2100 1400 2168 subulis

320 2177 420 2231 muniri
435 2195 466 2229 ac
478 2175 595 2248 transfigi
605 2171 737 2239 solebant,
754 2187 782 2227 ut
792 2195 806 2227 a
817 2177 888 2229 coitu
898 2177 1073 2244 abstinerent,
1087 2179 1134 2250 qui
1147 2179 1225 2232 valde
1236 2192 1317 2232 nocet
1332 2180 1398 2234 voci.

319 2264 361 2315 De
373 2278 466 2332 magna
478 2277 558 2324 cura,
573 2276 655 2330 quum
668 2259 732 2312 olim
749 2258 907 2326 histriones,
926 2274 1042 2314 oratores
1055 2275 1082 2315 et
1092 2263 1245 2318 recitatores
1258 2275 1284 2316 et
1298 2281 1401 2318 conser-

320 2344 413 2397 vandae
423 2356 448 2396 et
457 2341 628 2398 emendando
637 2343 697 2396 voci
708 2343 909 2416 impendebant,
918 2345 974 2399 vid.
987 2346 1139 2400 Fullebom.
1151 2347 1185 2400 ad
1194 2347 1267 2404 Pom.
1279 2349 1292 2400 1
1303 2389 1311 2414 ,
1321 2367 1349 2420 p.
1359 2347 1399 2402 23.
1450 2401 1452 2406 ,
1521 2397 1522 2408 ,

321 2427 452 2482 Flamines
467 2426 545 2484 etiam
559 2427 683 2498 infibulati
692 2428 864 2497 scruficabaut
869 2443 974 2498 propter
982 2447 1051 2481 usum
1062 2417 1117 2482 αἰὺ
1131 2433 1325 2498 antiquissimum
1336 2435 1401 2484 oereis

314 2514 416 2582 fibulis5
426 2509 495 2564 Fest.
507 2511 596 2562 Fibula
606 2527 688 2574 sona,
702 2527 754 2580 qua
765 2509 879 2580 ligantur
888 2510 995 2582 inguina
1006 2531 1014 2576 3
1024 2511 1079 2564 duo
1090 2512 1180 2564 Schol.
1194 2526 1246 2566 vet.
1261 2513 1318 2581 (id.
1332 2514 1401 2586 qnod

321 2597 443 2662 subligar,
454 2609 494 2644 vs.
516 2591 570 2660 7ο).
588 2589 628 2642 Ita
646 2593 761 2658 subligar,
777 2608 816 2643 vs,
831 2610 883 2660 7ο,
901 2610 961 2664 qun
978 2605 1064 2648 tntueu
1083 2593 1157 2647 vocis
1169 2594 1243 2646 notio
1259 2594 1341 2650 dubia
1355 2610 1400 2652 est.

321 2680 409 2730 Fibulo
417 2674 543 2740 circulus,
551 2673 594 2728 vel
601 2673 783 2726 tenuissimum
792 2673 879 2739 filum,
889 2693 1001 2740 sensum,
1006 2695 1053 2730 seu
1058 2688 1220 2748 argenteum,
1227 2696 1276 2732 seu
1283 2698 1400 2745 sursunt,

321 2759 395 2832 quod
410 2755 541 2833 preputio
558 2755 676 2808 virilium
693 2755 727 2808 ab
747 2766 861 2828 utroque
875 2757 955 2810 latere
971 2775 1052 2831 super
1067 2757 1188 2830 glandem
1206 2760 1342 2832 perforato
1361 2761 1403 2816 nd·

321 2841 443 2906 debatur,
456 2853 485 2892 ut
495 2839 573 2892 ctiam
585 2857 657 2890 nuuc
670 2856 684 2889 n
696 2839 803 2906 Turcis,
815 2840 1002 2894 conservanda·
1014 2842 1087 2896 vocis
1098 2854 1125 2895 et
1135 2843 1297 2898 valetudinis
1306 2847 1401 2916 grstia3

322 2925 388 2977 Brit.
402 2936 428 2976 et
440 2924 538 2992 Grang.
550 2919 621 2972 unde
624 2922 732 2992 subulam
742 2926 841 2983 solvere,
854 2924 926 2976 utel.
941 2925 1081 2995 reflbuiore,
1098 2936 1124 2976 et
1137 2935 1230 2982 contra
1244 2929 1373 2998 irfibuiore
1381 2937 1400 2980 ¹.

357 3051 426 3096 Vns.
446 3055 488 3108 74.
504 3047 610 3108 Vetuttt,
626 3046 720 3106 15,16,
736 3051 1071 3114 rqsm.sso.19,ns,45.

357 3140 427 3192 Nor.
447 3144 491 3210 74.
509 3140 693 3207 Chrysogonus,
708 3139 869 3195 citharedus
882 3145 929 3211 (ut
943 3144 1010 3196 infru
1024 3143 1093 3208 Vll,
1110 3147 1182 3214 176),
1199 3146 1267 3201 forte
1278 3149 1341 3220 quia
1353 3149 1402 3202 hoc

322 3241 419 3277 nomen
434 3222 483 3274 snit
496 3221 605 3293 insignis
619 3221 772 3288 citharoedi,
784 3225 830 3296 qui
846 3225 990 3280 Alcibiadis
1001 3245 1057 3280 urvo
1069 3227 1150 3292 vixit,
1162 3229 1334 3303 palmamque
1347 3233 1402 3285 tulit

322 3311 351 3362 in
363 3307 467 3381 Pythiis
479 3304 548 3360 ludis
558 3327 566 3372 ;
576 3305 673 3378 dequo
683 3308 738 3360 vid.
750 3309 820 3362 Plut.
831 3311 903 3383 Opp.
919 3323 982 3363 tom.
996 3311 1026 3376 1,
1038 3329 1098 3382 pag.
1114 3327 1182 3378 209,
1193 3325 1218 3365 et
1229 3313 1329 3367 Athen.
1339 3315 1399 3374 tm.

323 3409 340 3459 9
361 3393 434 3460 (49),
452 3409 513 3462 pag.
530 3387 591 3442 535.
607 3417 644 3430 -
663 3393 774 3460 Hispulla
790 3411 887 3446 nomen
901 3405 1045 3460 matronis,
1067 3406 1097 3446 ut
1109 3393 1182 3460 ΧΠ,
1199 3413 1241 3450 ιι.
1257 3397 1327 3451 Nota
1343 3399 1401 3464 illa,

323 3477 399 3548 eujus
411 3473 498 3526 fratris
510 3473 563 3526 filis
577 3485 701 3545 nupserat
710 3474 797 3527 Plinio
810 3475 915 3528 minori.
924 3474 988 3529 vid.
1003 3478 1058 3549 ejus
1070 3475 1152 3549 Epist.
1162 3478 1214 3546 1v,
1230 3496 1271 3548 ¹9·
1285 3511 1324 3522 -
1337 3483 1400 3532 Gan·

324 3559 377 3624 det,
388 3555 544 3622 delectetur,
557 3555 610 3609 hoc
620 3568 675 3621 est,
690 3575 780 3610 umore
794 3561 849 3630 ejus
859 3559 972 3631 capitur.

364 3819 374 3845 ¹
397 3813 457 3862 vtd.
475 3813 588 3861 Valerios
606 3815 732 3863 Maximus
746 3817 794 3876 w,
812 3825 842 3876 4,
923 3822 934 3848 ²
952 3815 1050 3865 Confer.
1069 3816 1101 3865 sd
1115 3832 1152 3864 vs.
1169 3819 1202 3880 ⁵9
1220 3829 1244 3867 et
1260 3821 1325 3883 3793
1340 3821 1397 3870 Cels.

329 3895 361 3954 8,
374 3909 403 3957 9;
417 3894 517 3942 hoines.
532 3895 576 3959 Ep.
589 3896 620 3943 sd
637 3897 720 3945 Holus.
736 3907 760 3944 ct
775 3899 842 3961 llup.
885 3898 1037 3955 V,nb,sect.
1048 3897 1095 3957 23;
1105 3897 1171 3952 vlt,
1181 3906 1211 3959 4,
1223 3915 1254 3962 ¹9
1264 3901 1396 3948 exuent

329 3973 374 4036 Ep.
385 3977 434 4033 483
450 3977 552 4039 hupert.
563 3975 595 4023 sd
609 3977 730 4040 Pompon.
742 3976 842 4024 Eue-hir.
889 3977 916 4036 33
928 3979 1003 4026 Mart.
1015 3977 1079 4038 vn,
1091 3977 1137 4035 ⁸13
1150 3979 1201 4039 lx,
1212 3979 1260 4041 ss,
1276 3995 1305 4027 ts
1316 3981 1399 4038 3le,

329 4053 415 4111 111,s,
424 4063 447 4101 et
456 4053 571 4103 Dnhcrns
578 4054 609 4102 sd
616 4055 669 4104 le.
675 4056 719 4105 lib.
726 4057 842 4115 xxxtt,
888 4059 938 4105 215
946 4073 953 4112 ι
961 4059 1054 4106 Fcrrsr.
1064 4059 1094 4105 lt.
1105 4059 1138 4104 V.
1146 4059 1191 4118 tv,
1203 4059 1249 4116 1s;
1258 4061 1323 4125 inpr.
1332 4059 1397 4109 libo·

331 4145 384 4193 esp.
399 4147 421 4191 7,
887 4135 943 4184 dius
955 4136 986 4184 dc
995 4137 1054 4186 Acis
1069 4137 1148 4200 esui,
1161 4153 1182 4188 o.
1193 4141 1224 4199 6,
1234 4155 1259 4203 p.
1270 4143 1311 4200 76.
