3148 4990
418 433 474 498 IN
504 429 735 496 SATIRAM
763 431 979 498 PRIMAM.
1167 435 1229 508 ,4ι

161 547 256 606 Oratio,
271 547 347 596 etiam
363 547 474 612 abrupta
491 547 532 595 ills
546 548 574 595 in
588 563 611 595 v.
629 548 677 607 64,
695 547 789 612 egregie
804 547 901 597 nll‘ectni
915 548 1030 597 convenit
1043 547 1232 612 indignationis,

161 645 232 692 qnen
245 639 311 677 tetus
323 629 368 678 hic
382 630 454 678 loeus
469 630 597 693 omnisque
610 645 681 694 pnne
695 629 767 677 satira
780 630 866 693 spirnt;
880 639 916 678 est
929 641 1009 678 tamen
1024 631 1100 694 magis
1112 629 1235 681 oratoria,

162 727 232 774 qm
244 713 358 776 poetica,
374 713 492 778 inprimis
506 713 539 762 ob
551 711 772 776 hequentissimam
787 713 957 776 repetitionem
970 714 1034 773 ooni.
1049 729 1131 777 quum.
1144 712 1235 776 Vulga-

163 795 196 842 ris
207 795 378 860 inupnnetio
391 806 429 844 est
439 795 492 844 haec
500 813 506 842 ι
512 795 668 860 fabrumque
678 794 809 840 volantem
821 807 831 838 .·
845 795 924 858 Quum
934 795 991 842 leno
1000 794 1114 858 accunt.
1124 829 1130 841 .
1140 829 1147 842 .
1157 829 1164 842 .
1175 794 1234 841 Flu·

163 877 280 924 su'sian:
286 895 354 942 puer
359 879 528 929 Automedon.
538 914 544 926 .
554 913 561 928 .
571 915 578 928 .
588 877 683 926 amica.
695 877 787 924 Nouae
796 875 862 925 libet.
873 913 879 926 .
891 911 897 924 .
907 912 913 924 .
926 878 1074 942 Quadrieio,
1084 893 1158 942 quum
1163 878 1235 943 jam,

164 970 208 1008 cet.
219 961 280 1008 llam
292 963 386 1026 probat
402 963 478 1012 llein.
490 963 534 1026 qni
550 973 631 1010 tamen
642 961 724 1026 jungit
735 961 794 1007 ditm
803 962 921 1025 pervelat
934 978 986 1010 axe
996 963 1071 1011 citato
1086 962 1235 1011 Flaminiam

161 1057 224 1108 μιν
234 1045 414 1108 Automedon,
428 1061 502 1107 num,
516 1055 561 1093 etc.

199 1163 268 1216 lior.
291 1165 335 1216 55.
346 1165 388 1216 En
397 1183 527 1220 summam
536 1183 640 1218 morum
650 1163 855 1237 turpitudinem!
868 1169 933 1216 Leno
944 1177 982 1218 est
992 1165 1048 1237 ipse
1057 1166 1180 1232 maritus,
1191 1167 1237 1238 qui

166 1246 279 1318 cupidus
290 1249 411 1319 pecuniae
422 1247 577 1321 pudicitiam
594 1247 682 1302 uxoris
695 1265 748 1300 suu
763 1245 871 1314 vendit,
887 1262 925 1312 et,
938 1247 1041 1301 macho
1057 1266 1118 1302 cum
1131 1265 1159 1300 ea
1173 1267 1237 1301 cou-

167 1331 323 1398 cumbmte,
342 1333 386 1386 rel
397 1351 502 1387 sursum
515 1344 630 1405 spectat,
650 1331 693 1386 vel
708 1332 816 1404 vigilant
833 1333 933 1398 stertit,
946 1333 1019 1387 velut
1029 1325 1117 1386 ebrius
1129 1337 1167 1384 ad
1176 1335 1237 1384 cali·

167 1427 231 1470 cess,
246 1409 276 1462 h.
288 1429 314 1463 e.
327 1411 409 1463 altum
422 1429 544 1465 somnum
555 1411 676 1477 simulat,
690 1423 719 1463 ut
730 1411 822 1484 Cipius
834 1412 877 1465 vel
887 1411 984 1484 Cepius
995 1412 1040 1464 ille
1052 1404 1241 1485 saepepiyxss,

167 1492 266 1566 dequo
277 1515 306 1547 v.
320 1495 423 1549 Erasm
439 1509 465 1548 et
477 1496 545 1550 Fest.
558 1497 586 1548 in
599 1495 757 1570 proverbio,
770 1515 817 1546 uon
828 1498 936 1548 minibus
948 1499 1048 1549 domin

201 1609 238 1618 —
246 1583 427 1648 memmiae
432 1582 518 1630 moecbs'
523 1583 586 1631 bonu
596 1601 606 1631 .·
617 1580 639 1633 si
649 1598 715 1632 uxor
724 1581 778 1652 ejus
787 1582 847 1652 jure
855 1579 1014 1654 impediatur
1025 1579 1142 1634 adultero
1151 1598 1240 1632 succe-

168 1661 247 1726 dere,
261 1662 319 1735 ipse
335 1663 445 1716 maritus
456 1663 517 1716 leno
533 1661 650 1716 suc'cedit
661 1662 780 1715 adultero
792 1661 884 1730 heres,
904 1675 933 1715 ut
945 1681 993 1736 per
1009 1661 1238 1716 fideicommissum

168 1763 208 1798 res
217 1743 333 1800 adulteri
342 1745 376 1798 ad
387 1743 532 1799 adulteram
544 1747 667 1812 veniant;
681 1745 769 1799 Schol.
781 1747 819 1799 Ita
831 1746 949 1799 fraudem
962 1747 1013 1818 legi
1026 1747 1120 1800 saetam
1131 1758 1239 1818 putant,

169 1831 228 1904 qnia
246 1831 432 1896 Domitianus,
451 1843 516 1884 teste
533 1829 640 1884 Sueton.
659 1850 683 1884 c.
699 1831 733 1896 8,
756 1831 909 1904 «probrosis
927 1831 1030 1884 seminis
1048 1831 1145 1884 lecticae
1163 1848 1240 1883 suum

168 1913 295 1968 admerit
305 1919 402 1990 jusque
412 1914 534 1988 capiendi
544 1916 625 1988 legata
637 1915 883 1990 hereditatesque31·
895 1936 948 1989 quo
957 1917 1074 1970 referunt
1082 1916 1110 1971 h.
1122 1917 1140 1970 l.
1149 1917 1240 1982 verba,

168 2004 253 2052 nerii
270 2005 336 2051 bona
351 2003 466 2068 capiendi
475 2005 519 2070 jus
538 2005 629 2052 nssllsun
647 2003 727 2054 sueri.
747 1999 799 2054 sed
809 2001 860 2054 hac
876 2001 1090 2074 interpretatione
1099 2003 1141 2076 jus
1155 2002 1241 2073 ipsum

168 2097 194 2138 et
202 2085 359 2138 efficentiam
371 2096 455 2156 poetm
463 2085 537 2138 vanis
548 2083 681 2136 erroribus
692 2083 834 2154 implicari,
843 2083 920 2137 docet
932 2084 1111 2150 Heinrichius,
1124 2083 1182 2156 qui,
1194 2082 1241 2136 ad-

166 2173 238 2243 jutus
251 2167 391 2222 commoda
404 2167 582 2222 admonitione
593 2167 727 2233 Crameri,
739 2167 918 2239 jurisconsulti
935 2168 1119 2234 eruditissimi,
1136 2169 1170 2220 ita
1187 2167 1242 2222 dis·

167 2263 259 2323 putat:
277 2277 290 2298 ι
299 2250 429 2304 Probrosa
442 2250 522 2323 igitur
531 2249 586 2304 hnc
599 2269 684 2316 uxor,
697 2248 811 2321 indeque
823 2250 862 2302 illi
872 2254 1035 2320 capiendijm
1046 2256 1147 2304 nullum.
1159 2242 1242 2316 Quasi

170 2353 233 2388 vero
244 2335 334 2388 omnis
349 2336 445 2387 femina
459 2335 547 2388 statim
559 2333 593 2387 de
606 2336 667 2406 jure
681 2332 797 2406 legitimo
809 2334 934 2406 probrosa
946 2347 1028 2401 esset,
1045 2353 1104 2406 que
1115 2333 1243 2407 probrsun

169 2419 267 2472 mes-nit
277 2419 458 2492 turpitudine!
469 2419 542 2484 Quin
553 2419 640 2490 potius
650 2459 657 2485 ,
667 2436 750 2491 quum
764 2417 798 2471 de
809 2417 918 2471 occultis
932 2418 1010 2472 rebus
1022 2433 1117 2492 praetor
1127 2417 1243 2490 judicet,

170 2520 224 2553 non
242 2503 343 2574 magis,
359 2520 439 2575 qnam
452 2501 578 2567 ecclesia,
594 2521 661 2553 uxor
674 2501 790 2572 legitime
800 2501 927 2573 probrosa
939 2519 993 2553 non
1009 2514 1063 2568 est,
1082 2520 1141 2573 quae
1153 2514 1244 2573 peccat

170 2585 241 2638 clam
254 2585 361 2658 jndice,
375 2585 480 2639 conscio
495 2585 607 2651 marito,
625 2597 650 2637 et
662 2581 729 2637 adeo
743 2582 814 2636 istud
824 2595 903 2656 turpe
918 2603 1030 2637 uxorum
1048 2585 1156 2656 vulgus,
1172 2581 1244 2656 quod

171 2667 218 2720 hic
229 2669 315 2721 nura
327 2669 424 2722 aculeis
435 2679 512 2740 poeta
525 2668 682 2734 insectatur,
700 2666 786 2722 edicto
798 2667 962 2741 imperatoris
972 2666 1175 2740 haudquaquam
1190 2685 1244 2721 esse

171 2761 275 2821 poterat
286 2750 441 2804 obnoxium.
461 2750 553 2822 Neque
569 2751 678 2803 omuino
697 2752 785 2805 verius
803 2750 853 2804 isto
871 2764 909 2805 est
926 2751 1055 2817 alterum,
1076 2749 1148 2822 quod
1160 2750 1244 2804 Scho-

172 2833 260 2886 liastes
271 2846 361 2886 nsrrat
372 2833 406 2886 de
417 2833 636 2900 fideicommissa,
649 2853 698 2906 per
709 2833 782 2905 quod
794 2851 890 2906 nempe
898 2833 965 2887 bona
979 2831 1090 2886 adulteri
1102 2831 1246 2885 hereditate

173 2919 307 2970 venissent
321 2917 355 2970 ad
368 2915 521 2971 additeram.
538 2917 605 2970 Nam
619 2929 788 2990 posteaquam
805 2919 937 2987 Augustus
953 2917 1055 2988 primus
1069 2917 1097 2968 in
1109 2915 1244 2969 lideicom·

173 3001 260 3055 missis
278 3005 390 3074 jusserat
407 3003 526 3056 eonsdes
548 3001 729 3055 auctoritatem
746 3019 819 3053 suam
838 3001 1021 3073 interponere,
1039 3017 1246 3072 conversumque

172 3083 202 3136 id
216 3085 355 3158 paullatim
373 3099 427 3138 erat
444 3086 471 3137 in
488 3085 618 3139 assiduam
633 3083 860 3158 jurisdictionem,
879 3097 909 3138 ut
921 3099 1017 3158 praetor
1029 3087 1106 3138 etiam
1123 3086 1245 3157 proprius

173 3180 324 3233 marana,
337 3167 426 3240 quide
439 3167 645 3222 fideicommissis
655 3171 698 3241 jus
707 3168 822 3235 diceret,
835 3168 1090 3222 fideicommissarius
1102 3169 1246 3240 appellatus

173 3251 360 3321 (v.1nstitntt.
379 3253 397 3304 l.
417 3253 461 3320 11,
480 3253 520 3305 tit.
536 3251 583 3318 23,
604 3255 619 3321 ς
634 3255 682 3321 ι);
702 3271 751 3306 nee
763 3253 964 3306 fideicommissa
977 3271 1044 3306 uxor
1059 3251 1135 3304 heres
1145 3263 1247 3323 poterat

175 3336 296 3402 institui,
309 3336 360 3387 nisi
372 3353 451 3407 qnam
463 3334 561 3390 directe
579 3335 674 3389 licebat
686 3335 829 3389 instituere.
844 3335 871 3388 Si
887 3336 944 3388 talis
959 3355 1026 3389 uxor
1039 3336 1106 3402 fuit,
1124 3349 1182 3407 quse
1193 3351 1246 3386 uon

174 3423 235 3492 jure
251 3417 424 3471 hereditatem
437 3431 524 3490 posset
539 3437 651 3491 capere,
672 3417 766 3472 frustra
782 3419 860 3492 plane
877 3419 983 3486 luisset,
997 3439 1055 3492 qum
1068 3418 1101 3472 de
1114 3418 1247 3471 fideicom-

176 3502 258 3555 misso
268 3501 392 3554 voluisset
403 3502 535 3574 postulare
545 3500 667 3554 maritum
678 3541 686 3566 ,
699 3501 721 3554 si
734 3501 837 3568 forsan,
855 3501 923 3555 lacto
933 3501 1042 3576 posthac
1052 3500 1167 3554 divortio
1178 3541 1186 3566 ,
1199 3518 1246 3551 ne·

180 3599 253 3658 garet
263 3627 271 3652 ,
284 3583 452 3638 redditurum
470 3604 498 3639 se
515 3584 695 3639 hereditatem.
715 3585 812 3638 Contra
830 3604 859 3638 ea
878 3585 955 3657 louge
974 3597 1012 3638 est
1029 3585 1078 3638 alin
1094 3583 1161 3657 juris
1180 3582 1247 3634 ratio

177 3681 258 3742 atque
276 3668 380 3722 dira-sa
399 3685 472 3721 mens
490 3667 596 3721 satirici.
617 3672 685 3717 Bona
704 3669 812 3736 accipens
828 3679 884 3733 est,
904 3665 1029 3720 heredem
1048 3685 1079 3719 ex
1097 3683 1153 3717 asse
1170 3663 1245 3715 lieri:

178 3772 264 3826 neque
281 3751 381 3806 sineri
400 3751 525 3823 singulari
545 3763 572 3803 et
586 3749 689 3803 delectu
704 3749 820 3821 positum
837 3749 942 3803 ridetur
955 3751 1077 3818 recipere,
1096 3744 1169 3819 quod
1186 3762 1247 3797 mox

179 3857 284 3906 erpere,
305 3856 334 3890 ea
354 3836 443 3908 aliqua
460 3833 629 3900 differentia,
650 3845 679 3886 ut
699 3833 876 3905 qualicunque
893 3831 974 3885 modo
990 3833 1155 3900 ambiamus,
1175 3825 1247 3900 quod

179 3923 288 3976 bonate
300 3940 387 3989 capere
397 3938 453 3972 non
466 3936 621 3990 postumum
639 3916 694 3970 vid.
711 3917 820 3971 Gesner.
836 3915 870 3968 ad
882 3915 950 3968 Plin.
964 3915 1028 3968 Pan.
1044 3913 1124 3981 Lxl,
1145 3913 1169 3965 5.
1188 3913 1248 3965 Jam

179 4023 263 4071 vero,
285 4023 345 4077 qun
361 4021 394 4056 ex
413 4003 472 4074 lege
492 4001 681 4056 testamentaria
700 4000 819 4054 Voconia
836 4000 871 4052 ab
887 3999 961 4052 omni
979 3997 1122 4052 hereditate
1139 3996 1249 4050 excluse

179 4099 270 4154 eant,
290 4087 417 4140 mulieres
433 4101 491 4136 non
507 4083 588 4155 magis
605 4083 684 4139 scribi
701 4101 733 4136 ex
750 4101 806 4136 asse
823 4080 968 4136 secundum
986 4080 1093 4154 Papiam
1109 4079 1249 4152 Poppnam

179 4181 314 4242 patmum
326 4169 380 4224 nisi
390 4171 437 4240 jus
448 4166 590 4220 ibaemm
602 4167 746 4234 habacum
757 4166 804 4222 sed
816 4167 903 4225 manti
914 4166 995 4222 scribi
1006 4177 1143 4241 maerent,
1156 4164 1198 4223 rel
1209 4181 1250 4218 se-
