3108 4986
354 401 419 467 aso
634 399 681 466 o..
703 353 842 464 snnn
868 401 1148 469 ruvnnsms

351 515 422 604 Qui
437 528 593 582 numeret
610 537 774 608 gemmas,
791 538 987 610 unguesque
1002 520 1158 591 observet
1173 538 1301 592 acutos.

351 624 404 691 Da
419 621 571 709 veniam3
589 621 749 716 praeclara
765 621 835 691 illic
850 622 1007 694 laudatur
1024 628 1140 723 iaspis:

352 735 439 804 Nam
456 733 577 819 Virro,
595 748 633 800 ut
649 733 762 819 multi,
780 759 928 828 gemmas
944 736 986 804 ad
1004 737 1125 831 pocula
1141 737 1302 808 transfert

349 845 380 912 A
396 843 528 938 digitis,
545 867 627 937 quas
645 843 682 910 in
697 844 827 938 vaginae
842 843 956 914 fronte
972 844 1099 914 solebat

350 956 480 1022 Ponere
498 953 653 1047 zelotypo
668 952 802 1046 juvenis
819 954 975 1049 praelatus
991 957 1107 1026 Iarbae.

348 1068 401 1134 Tu
417 1065 647 1134 beneventani
663 1066 786 1134 sutoris
802 1091 926 1134 nomen
944 1066 1124 1136 habentem

348 1174 493 1244 Siccabis
510 1172 649 1243 calicem
664 1196 822 1242 nasorum
839 1188 997 1268 quatuor,
1014 1201 1052 1245 ac
1065 1177 1134 1269 jarn

347 1285 567 1372 Quassatum,
584 1297 618 1351 et
632 1298 733 1377 rupto
749 1299 944 1379 poscentem
961 1284 1122 1380 sulphura
1137 1287 1235 1355 vitro.

346 1396 381 1463 Si
397 1393 588 1462 stomachus
605 1392 731 1460 domini
749 1392 858 1461 fervet
874 1395 1020 1488 vinoque
1037 1395 1199 1490 ciboque,

346 1503 517 1598 Frigidior
532 1501 661 1570 Geticis
675 1501 802 1596 petitur
819 1501 959 1572 decocta
977 1505 1117 1598 pruinis.
1388 1523 1420 1577 5⁰

395 1613 475 1682 Non
492 1611 607 1680 eadem
624 1611 721 1680 vobis
736 1611 818 1706 poni
835 1611 937 1680 modo
953 1613 1031 1680 vina
1047 1614 1232 1708 querebar:

345 1724 416 1790 Vos
432 1719 529 1790 aliam
547 1719 671 1815 potatis
690 1743 824 1813 aquam.
840 1720 916 1790 Tibi
933 1721 1053 1816 pocula
1071 1747 1189 1792 cursor

346 1830 498 1902 Gaetulus
517 1828 626 1914 dabit,
644 1844 702 1898 aut
718 1829 806 1924 nigri
824 1855 942 1898 manus
957 1854 1052 1899 ossea
1068 1831 1196 1916 Mauri,

345 1944 389 2011 Et
405 1942 460 2010 cui
477 1963 539 2034 per
554 1937 697 2007 mediam
714 1936 800 2005 nolis
816 1962 997 2006 occurrere
1014 1953 1168 2025 noctem,

344 2050 484 2121 Clivosae
502 2045 634 2114 veheris
650 2045 732 2114 dum
750 2069 811 2138 per
827 2044 1034 2114 monimenta
1048 2047 1188 2131 Latina.
1291 2111 1296 2114 .
1386 2065 1417 2118 5⁵

345 2160 421 2230 Flos
437 2159 522 2229 Asiae
538 2169 616 2223 ante
634 2155 762 2248 ipsum,
780 2154 889 2247 pretio
904 2153 1030 2247 majore
1047 2171 1196 2249 paratus,

343 2384 438 2452 rteque
449 2397 465 2433 a
477 2389 528 2434 tuo
540 2375 662 2434 discedit
672 2377 777 2445 latere,
793 2376 844 2450 qui
856 2376 972 2432 calicem
984 2377 1139 2448 custodiat,
1151 2379 1201 2454 qui
1213 2379 1334 2436 insertas
1344 2396 1416 2434 auro

343 2487 468 2544 gemmas
483 2471 563 2526 reiut
580 2469 611 2526 in
630 2475 781 2524 numerato
801 2465 920 2536 habeat,
936 2467 987 2542 qui
1007 2469 1044 2526 sit
1062 2469 1095 2526 ia
1113 2471 1256 2542 excubiis,
1275 2489 1416 2544 aequm

343 2564 487 2639 unguibus
509 2562 598 2620 acutis
619 2561 747 2617 divellas.
772 2560 841 2616 Noli
858 2579 1042 2632 succensere,
1060 2561 1083 2618 si
1099 2573 1156 2619 tam
1172 2563 1328 2640 diligenter
1342 2563 1415 2620 calix

343 2655 521 2725 custoditur;
539 2654 570 2710 in
585 2672 620 2710 eo
636 2651 744 2726 quippe
760 2661 803 2708 cst
818 2652 932 2728 egregia
947 2653 1048 2728 iaspis,
1065 2665 1093 2711 ct
1108 2655 1205 2732 magni
1220 2656 1325 2730 pretii:
1338 2675 1415 2712 nans·

343 2765 399 2821 que
409 2747 515 2818 Virro,
528 2747 687 2802 multorum
696 2761 796 2810 more,
811 2743 848 2798 ab
858 2745 973 2804 annulis
984 2746 1041 2802 suis
1051 2746 1162 2804 ablatos
1169 2748 1292 2804 uniones
1302 2747 1413 2822 poculis

342 2838 454 2909 inserit,
474 2858 547 2913 quos
560 2839 590 2894 in
606 2855 715 2894 summa
733 2835 843 2910 vaginae
856 2847 938 2909 parte
955 2837 1096 2896 collocare
1109 2839 1209 2897 solitus
1223 2851 1284 2896 erat
1297 2839 1411 2912 juvenis

340 2932 390 2989 ille
401 2932 541 3004 Troianus
553 2927 701 3007 (Encas),
718 2947 805 3003 quem
815 2931 937 2986 amatori
952 2933 1055 2988 amulo
1068 2944 1097 2989 et
1110 2933 1213 2990 invido
1227 2935 1318 2990 larbae
1333 2934 1410 2990 Dido

341 3026 513 3100 anteposuit.
526 3027 571 3080 Tu
582 3023 699 3082 siccabis
709 3022 832 3097 aliquem
844 3041 878 3079 ex
893 3023 963 3094 illis,
973 3025 1077 3098 quibus
1086 3026 1216 3082 Vatinius
1227 3037 1310 3084 sutor
1322 3029 1411 3083 Bene·

341 3130 480 3177 ventanus
497 3137 603 3176 nornen
622 3117 717 3186 dedit,
735 3117 860 3174 vitreum
877 3119 1025 3192 cyathum,
1042 3119 1144 3194 inquo
1159 3121 1313 3176 exstabunt
1330 3122 1410 3195 qussi

341 3223 449 3282 rostra,
460 3223 489 3268 et
497 3212 557 3268 nasi
566 3221 691 3285 quatuor
698 3227 751 3284 per
760 3227 833 3282 quos
839 3207 971 3278 bibatur,
984 3209 1090 3284 quique
1100 3211 1204 3268 fractus
1213 3213 1265 3284 sit,
1276 3213 1410 3282 mutilus,

339 3317 369 3362 et
381 3304 485 3380 dignus
496 3303 547 3379 qui
559 3321 625 3360 cum
642 3300 787 3358 sulfuratis
803 3311 992 3373 pennutetur.
1016 3303 1046 3359 si
1063 3314 1160 3360 astant
1174 3305 1290 3378 patroni
1301 3317 1409 3363 stoma·

280 3433 281 3438 κ
339 3397 425 3466 chus,
439 3415 520 3454 mero
536 3415 569 3451 ac
585 3393 706 3468 dapibus
721 3403 860 3464 onustus,
876 3393 996 3450 affertur
1011 3395 1054 3450 itti
1070 3415 1142 3472 aqua
1158 3409 1254 3470 cocta,-
1267 3419 1331 3474 qnae
1342 3401 1410 3457 vin-

339 3498 384 3544 cat
403 3487 483 3544 nives
500 3487 614 3544 Geticas
630 3503 683 3542 suo
700 3484 818 3560 frigore.

378 3581 426 3638 51.
438 3584 506 3640 Non
517 3592 628 3638 tantum
639 3579 718 3636 aliud
732 3579 774 3634 illi
787 3599 819 3634 ac
834 3579 917 3636 vobis
926 3579 1040 3650 vinum,
1053 3582 1132 3656 quod
1145 3584 1234 3640 modo
1247 3573 1406 3659 querebar,

337 3675 506 3749 apponitur,
514 3672 624 3731 sedalis
634 3689 717 3746 aqua.
729 3671 809 3726 Hanc
818 3670 1299 3750 tibiinfundetincyatbnrnaliqnis
1308 3697 1407 3736 servus

337 3766 499 3840 etpedibus,
511 3786 527 3822 e
537 3764 658 3822 Gaetulia
670 3761 827 3832 oriundus,
840 3765 1109 3834 auteMauritania,
1124 3767 1232 3838 friscus,
1247 3771 1285 3826 ita
1295 3791 1407 3843 macer,

338 3869 371 3915 ut
378 3858 454 3916 illius
463 3857 593 3914 manibus
603 3855 675 3912 nibil
685 3854 722 3910 sit
733 3866 838 3928 prater
848 3874 911 3912 ossa
921 3866 950 3912 et
962 3866 1053 3912 cutem
1068 3858 1192 3928 aridam;
1203 3861 1406 3934 hadefonsus,

338 3959 372 4004 ut
389 3968 455 4006 eum
472 3951 579 4006 babere
599 3947 718 4004 obvirnn
739 3956 823 4004 nocte
841 3945 1010 4020 intempesta
1026 3948 1245 4020 reformidares,
1260 3954 1283 4008 si
1300 3953 1406 4012 iaceres

338 4039 394 4096 iter
405 4059 458 4114 per
471 4043 617 4118 sepulcra,
632 4039 738 4114 quibus
752 4037 819 4094 clivi
830 4037 937 4097 Latina
949 4037 1001 4094 vire
1014 4051 1081 4096 sunt
1095 4042 1202 4100 reierti.
1214 4047 1342 4103 Patrono
1356 4059 1407 4102 tuo

337 4131 480 4190 ministrat
493 4151 565 4209 puer
582 4131 751 4190 lectissimus
763 4141 793 4188 et
804 4129 990 4201 cultissimus,
1004 4150 1039 4188 ex
1051 4131 1118 4190 Asia
1131 4135 1251 4210 petitus,
1266 4157 1299 4195 ac
1315 4140 1408 4214 pluris
