3148 4990
563 415 828 482 ANALYSIS.
1179 433 1228 502 '77

150 535 189 580 est
204 525 303 581 adbuc
317 526 479 600 imperium
494 538 608 586 tenente
622 527 805 600 Domitiano,
818 541 847 586 et
860 530 969 587 interea
983 528 1093 586 scriniis
1105 539 1229 601 retenta;

151 629 197 673 aut
216 617 315 674 statim
331 629 399 692 post
416 620 527 676 caedem
545 620 677 696 tyranni:
691 632 733 686 ¹ut
755 631 867 677 certum
890 622 1037 691 videatur,
1062 620 1230 692 satirarum,

152 727 219 782 quas
239 709 361 783 quidem
382 711 478 768 edidit
493 714 656 782 luvenalis,
674 724 805 790 tempore
820 715 943 790 primam
963 715 1092 771 omnium
1107 733 1166 770 esse
1179 716 1231 770 ha-

153 801 275 858 bendam
288 803 365 858 banc
378 815 518 860 nostram.
533 805 677 879 Praecipue
690 816 757 861 sunt
770 807 971 864 memorabiles
985 825 1083 863 versus
1098 806 1230 880 29-33,

154 891 182 946 in
193 893 301 966 quibus
313 896 534 968 quodammodo
548 896 654 970 spirat,
667 897 692 952 si
704 897 799 955 dicere
813 900 897 967 licet,
912 899 1074 975 argumenti
1084 898 1192 968 anima,
1204 910 1233 954 et

156 985 231 1060 viget
243 1003 345 1043 recens
357 988 494 1063 asperitas
506 1008 541 1044 ex
554 1007 662 1063 nupera
672 991 821 1048 atrocitate
833 992 1002 1048 facinorum.
1015 991 1173 1048 Domitiani
1184 991 1233 1048 bic

156 1079 250 1134 notari
275 1081 441 1150 infamiam,
468 1083 529 1138 sine
553 1083 749 1140 controversia
770 1084 949 1142 demonstrat
971 1083 1102 1140 additum
1123 1103 1230 1158 nuper,

157 1189 215 1226 rem
232 1172 318 1245 plane
334 1171 514 1248 significans,
531 1193 594 1249 quae
611 1186 672 1232 erat
686 1175 819 1250 proxime
841 1175 1002 1242 commissa,
1026 1175 1156 1249 quamvis
1172 1175 1234 1229 for-

157 1275 227 1319 tasse
240 1264 370 1337 plurium
382 1265 536 1322 intervallo
551 1286 711 1337 annorum
726 1286 789 1342 quac
801 1279 843 1324 est
856 1267 996 1324 sermonis
1009 1265 1188 1323 consuetudo
1202 1266 1234 1321 iu

158 1355 259 1412 talibus
274 1357 419 1430 ponendis
435 1358 589 1416 adverbiis.
609 1357 726 1416 Accedit
743 1360 799 1416 huc
818 1358 999 1415 confirmatio
1015 1378 1050 1414 ex
1065 1359 1130 1414 loco
1148 1358 1234 1412 Plinii

156 1447 227 1520 Epp.
239 1449 292 1516 lV,
311 1467 364 1518 ιι,
380 1449 412 1516 6,
425 1467 470 1506 res
487 1469 619 1526 peraeque
634 1451 848 1526 conjungentis,
863 1469 953 1526 quum
968 1450 1149 1506 Domitianus
1162 1451 1234 1506 Cor-

157 1537 275 1606 neliam,
298 1540 443 1595 Vestalem
469 1539 640 1610 Maximam,
669 1541 762 1615 specie
783 1542 899 1613 incesti,
925 1541 1023 1598 defodi
1046 1542 1232 1615 imperasset:

157 1653 167 1676 ι
184 1632 244 1686 Nec
257 1630 375 1686 minore
393 1633 515 1701 scelere,
532 1652 616 1706 quam
631 1633 711 1707 quod
725 1633 825 1692 ulcisci
838 1634 1008 1703 videbatur,
1024 1633 1169 1689 absentem
1186 1633 1233 1686 in-

156 1723 341 1798 auditamque
359 1724 507 1780 damnarit
524 1725 642 1795 incesti,
658 1745 748 1799 quum
763 1727 822 1801 ipse
840 1725 936 1781 fratris
951 1724 1039 1780 filiam
1052 1725 1160 1782 incesto
1173 1743 1233 1780 non

157 1816 303 1890 polluisset
313 1819 423 1887 solum,
432 1837 534 1873 verum
547 1819 632 1874 etiam
641 1819 807 1874 occidisset:
819 1837 885 1873 nam
895 1818 986 1874 vatim
996 1818 1102 1873 abortu
1112 1815 1208 1891 periit.
1220 1843 1232 1868 a
1279 1873 1288 1894 1

159 1908 271 1978 Quibus
279 1908 311 1962 in
321 1909 419 1964 verbis
433 1909 585 1977 extremis,
600 1909 636 1966 de
648 1909 769 1966 veritate
778 1909 910 1966 lectionis
919 1910 1025 1982 padua,
1037 1927 1097 1964 non
1109 1907 1234 1964 debebat

157 1998 338 2072 praetermitti
354 1999 433 2054 utilis
448 1999 596 2056 annotatio
610 2000 737 2056 Reimari
748 2001 786 2056 ad
800 2003 874 2057 Cass.
890 2000 976 2056 Dion.
994 2020 1022 2075 p.
1042 2018 1132 2068 1102,
1148 2001 1166 2054 l.
1185 1999 1232 2056 82.

158 2093 250 2147 Posita
260 2091 396 2146 Juvenali
407 2093 674 2166 plurativa‘exvero
684 2094 724 2149 sic
741 2093 921 2170 intelligunt,
931 2094 1036 2150 Juliam
1050 2111 1111 2148 non
1125 2111 1215 2148 unum
1223 2135 1231 2162 ,

157 2183 206 2238 sed
223 2183 324 2257 plures
341 2183 440 2240 fecisse
458 2183 594 2253 abortua;
618 2203 684 2240 uam
702 2186 820 2242 minime
836 2187 964 2244 inaudita
987 2185 1095 2241 Latinis
1115 2185 1237 2240 abortivi

158 2275 346 2352 significatio,
364 2297 422 2350 qua
437 2277 557 2351 ponitur
570 2295 625 2350 pro
641 2279 764 2348 aborta3
787 2298 839 2335 uec
857 2279 999 2336 refellitur
1018 2277 1049 2331 id
1064 2278 1163 2332 saltem
1177 2277 1236 2332 col-

159 2371 222 2426 latis
237 2369 437 2426 mentionibus
451 2380 613 2425 ceterorum
628 2370 818 2444 scriptorum,
839 2383 868 2426 et
883 2371 949 2425 satis
968 2367 1106 2424 credibile
1120 2367 1152 2422 fit
1171 2368 1236 2425 diu·
1252 2377 1256 2380 '

161 2464 299 2518 turuitate
317 2462 400 2518 foedae
420 2461 601 2534 imperatoris
623 2479 688 2521 cum
707 2461 782 2516 Julia
805 2461 911 2516 habitae
932 2459 1172 2526 consuetudinis:
1200 2460 1236 2516 dc

161 2575 216 2628 qua
229 2564 374 2609 memorat
388 2553 500 2608 Cassius
509 2553 582 2622 Dio,
597 2552 722 2620 LXVII,
734 2551 766 2620 33
778 2562 808 2608 et
821 2552 898 2625 ipsos
910 2570 1001 2607 annos
1015 2562 1174 2624 computat,
1190 2551 1236 2606 ni-

161 2648 237 2716 mio,
253 2659 285 2702 ut
303 2646 402 2702 multis
419 2645 451 2700 in
467 2645 530 2700 aliis
546 2645 650 2713 rebus,
667 2645 812 2716 acumine,
831 2643 999 2700 Dodwellus
1018 2646 1094 2697 Ann.
1114 2643 1236 2712 Quintil.

161 2760 190 2814 p.
207 2759 273 2810 rap.
286 2739 366 2796 fecit
380 2751 476 2794 tamen
490 2747 574 2812 poeta
583 2737 702 2792 fortasse
711 2736 879 2812 benignius,
896 2747 979 2808 turpe
993 2734 1100 2791 facinus
1113 2753 1235 2790 numero

161 2851 286 2907 augens,
302 2830 548 2906 quemadmodum
563 2829 645 2903 loqui
661 2830 785 2884 solemus
803 2825 1024 2902 indignabundi.
1040 2825 1131 2880 Nobis
1146 2825 1236 2882 Dioni

162 2921 267 2978 sufficit
285 2922 421 2990 credere,
439 2939 455 2974 a
475 2939 533 2994 quo
550 2923 641 2978 scelus
657 2921 781 2995 refertur
799 2920 836 2977 ad
853 2937 960 2974 annum
979 2919 1015 2974 U.
1031 2936 1055 2972 c.
1074 2917 1150 2986 836,
1170 2929 1236 2992 post

164 3017 196 3069 C.
211 3017 248 3071 N.
265 3015 322 3084 83,
338 3031 430 3088 quum
444 3031 550 3068 aunum
559 3013 619 3085 jam
635 3014 753 3068 tertium
767 3014 885 3070 Flavius
898 3013 1016 3067 ultianus
1035 3012 1236 3066 scrutaminum

163 3107 259 3162 orbem
273 3110 425 3162 laceraret.
439 3104 498 3162 Sed
509 3123 568 3160 non
578 3105 700 3161 obscure
711 3105 771 3179 ipse
784 3103 879 3180 arguit
888 3103 1051 3172 luvenalis,
1065 3104 1121 3158 hoc
1135 3104 1236 3161 eodem

164 3209 296 3272 tempore
315 3197 421 3254 factum
439 3196 543 3266 fuisse,
562 3206 596 3251 ut
613 3196 753 3271 Principis
772 3197 867 3252 edicto
883 3199 959 3268 leges
975 3213 1089 3250 arnaroe
1104 3195 1134 3248 in
1154 3213 1238 3250 nsum

165 3302 395 3348 revocarentur:
410 3289 567 3364 itidemque
592 3308 654 3344 rem
674 3290 784 3366 colligit
802 3289 969 3344 Dodwellus
989 3288 1009 3342 l.
1032 3307 1056 3342 c.
1072 3289 1116 3344 De
1135 3288 1179 3342 bis
1196 3289 1239 3343 le-

165 3387 250 3461 gibus
267 3385 411 3440 revocatis
428 3383 501 3439 nihil
515 3390 622 3458 praeter
638 3383 762 3439 incertos
783 3401 913 3438 rumores
931 3381 1085 3438 conferunt
1097 3380 1133 3435 ad
1150 3383 1239 3436 luve-

166 3481 259 3534 nalem
279 3499 287 3532 :
314 3476 396 3550 quod
418 3479 513 3532 minus
539 3477 678 3532 miramur
700 3475 730 3529 in
751 3485 846 3543 tanta,
870 3485 928 3530 tam
948 3473 1035 3528 hodie
1053 3473 1240 3547 pervulgata,

166 3571 349 3646 neglectione
375 3569 454 3634 luris
472 3567 595 3625 Romani
618 3567 751 3623 scientias.
775 3568 843 3622 Non
868 3566 960 3621 solum
979 3565 1126 3621 reductam
1148 3566 1240 3639 legem

166 3663 289 3731 luliam,
309 3681 411 3717 venun
426 3661 598 3735 quibusdam
610 3660 695 3716 etiam
711 3659 918 3714 accessionibus
936 3655 1241 3728 auctam·Domitiano,

167 3775 242 3811 unus
256 3755 325 3810 satis
341 3753 442 3811 docuit
459 3756 506 3808 Jo.
523 3754 600 3808 Guil.
615 3752 806 3809 Hoffmannus
818 3751 855 3804 ad
867 3752 899 3806 L.
913 3750 1033 3816 Juliam,
1048 3768 1073 3802 c.
1090 3749 1146 3816 lx,
1161 3747 1190 3821 §.
1205 3745 1241 3815 53

168 3868 226 3904 non
241 3858 337 3902 umen
353 3847 383 3901 in
395 3865 431 3902 eo
442 3846 628 3917 satisfaciens,
646 3846 726 3920 quod
740 3863 820 3920 paene
833 3845 940 3899 nullam
955 3843 994 3898 ob
1009 3859 1133 3897 caussam
1150 3841 1243 3899 eidem

167 3960 244 3996 anuo
264 3939 369 3995 tribuit
386 3937 619 4007 revocationem,
641 3957 700 4012 quo
716 3937 898 3993 Domitianus
914 3937 957 3991 lX
973 3935 1080 3990 Consul
1095 3933 1166 4003 fuit,
1188 3935 1244 3994 boo

170 4046 227 4102 est,
245 4033 272 4089 ei
292 4031 347 4108 ipsi
362 4051 458 4100 anno,
475 4049 560 4105 quem
578 4031 727 4088 meliorem
741 4032 780 4086 ob
798 4047 923 4085 caussam
937 4025 1061 4082 diximus
1074 4037 1163 4082 antea.
1180 4028 1244 4082 Jam

168 4146 239 4184 aero
255 4125 385 4183 intuenti
404 4125 587 4183 teterrimum
604 4124 717 4182 mltum
734 4123 857 4180 istorum
876 4132 1056 4196 temporum,
1070 4119 1106 4177 ad
1120 4118 1247 4175 animum
