3122 4986
332 443 396 510 622
656 439 843 508 saTluAE
858 437 1063 508 oc'rAvAE

331 557 424 628 viras,
447 573 477 612 v.
502 552 629 630 79-86.
652 554 835 613 Provinciam
857 555 883 613 si
904 556 1060 632 aliquando
1084 556 1259 629 obtinueris,
1284 559 1396 640 rogits,

329 668 442 724 quaeso,
458 665 521 723 qnae
534 646 650 722 praemia
663 656 692 703 te
704 658 856 720 maneant,
869 648 894 704 si
906 647 994 722 bene;
1010 668 1073 724 quae
1086 667 1194 724 paene,
1207 651 1232 709 si
1244 653 1315 710 male
1328 675 1395 713 eam

330 737 588 809 remuneraveris
602 757 697 813 neque
707 756 809 795 avaros
822 737 934 796 imitare
946 739 1094 815 praesides,
1110 741 1161 816 qui
1171 743 1394 817 provincialibus

331 830 404 886 olim
419 847 519 899 omne,
536 847 595 905 quo
609 828 807 900 abundabant,
822 849 940 901 aurum,
957 841 1121 908 argentum,
1136 832 1210 890 ebur
1223 844 1253 892 et
1267 853 1395 894 marmor

331 939 385 996 per
393 918 453 975 vim
462 920 601 995 eripuere,
612 930 642 976 et
650 937 728 976 nunc
738 937 776 977 ue
784 919 902 978 viliores
911 920 1027 997 quidem
1038 940 1083 979 res
1091 931 1178 996 atque
1188 923 1226 980 ad
1234 924 1322 982 vitam
1333 945 1396 983 sus-

330 1011 498 1070 tentandam
510 1011 679 1069 necessarias
693 1012 729 1068 iis
740 1011 923 1087 relinquunt,
935 1011 1070 1094 v.¹87-r
1078 1032 1123 1070 ιι.
1140 1016 1261 1090 Impune
1275 1019 1396 1093 quidem

330 1105 449 1181 diripies
463 1103 591 1162 imbelles
607 1115 636 1161 et
653 1104 725 1160 luxu
743 1103 918 1160 effeminatas
938 1113 1052 1180 gentes,
1072 1105 1124 1162 sed
1138 1124 1205 1163 cave
1223 1109 1338 1180 saltem,
1357 1129 1396 1167 ne

329 1215 462 1274 maguam
470 1195 611 1254 bellicosis
621 1195 757 1271 injuriam
768 1195 867 1266 facias,
881 1195 986 1270 quibus
997 1213 1068 1252 auro
1079 1207 1256 1273 argentoque
1266 1200 1395 1274 spoliatis

330 1287 409 1346 anni
423 1299 500 1346 certe
508 1299 678 1364 supersunt,
694 1306 723 1343 v.
742 1283 905 1344 rra—rad.
922 1285 1061 1363 sineque
1074 1287 1193 1364 tuipse,
1210 1307 1303 1366 neque
1318 1307 1395 1349 uxor

329 1393 361 1440 et
375 1381 492 1438 comites
503 1381 545 1438 tui
556 1380 714 1456 quidquem
727 1375 857 1454 rapiunt,
870 1381 917 1436 vel
929 1381 1050 1455 pecunia
1062 1393 1301 1457 corrumpuntur,
1312 1383 1395 1443 facile

328 1474 438 1548 patiar,
459 1482 487 1529 te
507 1471 650 1548 originem
667 1483 758 1540 marn,
778 1491 794 1526 a
814 1489 996 1546 quocumque
1013 1471 1097 1543 velis,
1114 1482 1267 1547 repetere:
1285 1475 1394 1532 sivero

327 1564 484 1620 libidinose
493 1563 586 1619 socios
600 1573 629 1618 et
640 1562 797 1620 crudeliter
808 1573 925 1632 tractas,
941 1581 976 1619 eo
987 1564 1104 1620 notiora
1114 1564 1249 1621 omnibus
1260 1576 1289 1622 et
1301 1567 1394 1624 maui-

327 1655 446 1712 {estiora
455 1665 523 1712 sunt
531 1653 639 1730 flagitia
647 1663 711 1724 tua,
722 1673 780 1729 quo
791 1654 951 1712 illustriore
960 1656 1027 1711 loco
1036 1665 1120 1710 natm
1129 1673 1172 1725 es,
1185 1673 1213 1709 v.
1226 1660 1391 1728 ¹²7-lll·

329 1745 428 1816 Quare
439 1763 512 1802 vcro
524 1744 706 1802 nobilitatem
719 1756 797 1802 tuam
810 1745 961 1821 praedicas,
980 1743 1006 1801 si
1017 1744 1171 1802 sceleribus
1186 1763 1249 1801 eam
1262 1748 1391 1821 polluis?

326 1835 525 1907 urta-145.
533 1839 795 1912 lateranus,quum
804 1840 906 1896 consul
914 1849 997 1912 esset,
1005 1849 1094 1896 noctu
1104 1838 1231 1913 quidem,
1240 1851 1270 1896 at
1278 1859 1390 1899 summo

327 1928 496 2006 magistratu
507 1927 638 2003 deposito
650 1927 744 1985 media
753 1928 800 1986 die
810 1930 973 2007 aurigabat,
986 1930 1242 2006 frequentabatque
1252 1931 1392 2007 popinas,

327 2023 380 2080 ubi
390 2024 427 2080 ab
435 2021 648 2100 unguentariis,
660 2022 836 2097 cauponibus
846 2035 875 2082 et
883 2024 984 2081 scortis
993 2024 1098 2082 blande
1108 2023 1314 2100 excipiebatur,
1326 2045 1390 2084 rer·

327 2113 503 2189 sabarmque
515 2133 580 2171 cum
593 2112 715 2184 sicariis,
731 2115 840 2187 nautis,
854 2116 1029 2188 latronibus,
1045 2115 1222 2174 carnificibus
1235 2127 1263 2174 et
1278 2117 1368 2175 fabris
1382 2139 1389 2174 ε

326 2225 392 2280 quae
405 2204 512 2280 flagitia
526 2204 623 2280 pueris
639 2214 669 2260 ct
681 2205 910 2264 adolescentibus
923 2207 1114 2265 condonanda
1130 2217 1209 2280 sunt,
1223 2225 1282 2264 non
1297 2207 1389 2280 viris,

325 2297 435 2354 nedum
445 2315 557 2354 summo
567 2298 633 2353 loco
642 2295 732 2366 natis3
746 2296 797 2372 qui
812 2307 904 2355 nmen
918 2299 949 2355 id
960 2297 1016 2354 sibi
1030 2298 1116 2354 licere
1125 2308 1242 2372 putant,
1255 2297 1301 2355 vel
1313 2297 1387 2356 adeo

214 2413 217 2418 ·
324 2389 406 2447 laudi
422 2389 547 2460 ducunt,
563 2389 644 2464 quod
658 2388 689 2444 in
704 2389 847 2446 vilissima
864 2389 1038 2448 conditionis
1051 2385 1217 2447 bominibus
1232 2374 1385 2460 damnant,

325 2501 468 2558 poeuaque
482 2481 603 2558 dignum
618 2491 746 2550 censent,
765 2501 793 2536 v.
816 2480 978 2549 ild—182.
995 2482 1137 2556 'liarpiora
1151 2483 1236 2539 etiam
1251 2482 1296 2539 bis
1311 2503 1387 2540 com-

326 2573 447 2632 mittunt
455 2575 576 2646 nobiles,
585 2585 625 2643 et,
642 2573 798 2631 consumtis
808 2591 862 2648 per
872 2575 971 2630 luxum
985 2573 1099 2649 opibus,
1110 2574 1160 2630 alii
1172 2591 1288 2649 operam
1299 2593 1387 2632 scenae

326 2668 475 2739 addicunt,
485 2667 698 2740 mimorumque
706 2676 797 2742 agunt
804 2677 916 2740 partcs;
927 2665 976 2722 alii
984 2666 1022 2723 ad
1030 2666 1103 2740 ipsas
1113 2665 1302 2743 gladiatorum
1311 2677 1387 2724 artes

326 2759 518 2830 descendunt,
528 2771 557 2815 et
564 2777 642 2815 nunc
650 2757 768 2834 quidam
778 2767 895 2832 sponte,
906 2777 983 2830 non,
996 2768 1030 2815 ut
1039 2757 1122 2830 olim,
1131 2759 1224 2815 coacti
1233 2779 1249 2815 a
1258 2759 1385 2830 Nerone,

326 2852 499 2923 citharoedo,
513 2872 542 2908 v.
559 2851 721 2926 183-199.
744 2849 825 2921 Quin
840 2869 876 2906 eo
891 2841 1075 2925 impudentiae
1092 2851 1333 2927 progrediuntur,
1354 2861 1387 2908 ut

326 2945 359 3001 iu
371 2964 457 3002 arena
470 2945 507 3001 ab
518 2943 651 3001 omnibus
666 2942 801 3020 cognosci
816 2943 949 3017 cupiant,
964 2953 993 2999 et
1008 2942 1074 2998 hinc
1088 2943 1197 2999 retiarii
1213 2961 1272 3000 esse
1284 2943 1386 3012 velint,

327 3039 379 3112 qui
390 3039 444 3095 soli
458 3056 492 3094 ex
510 3035 714 3112 gladiatoribus
728 3037 810 3092 nudo
824 3036 909 3092 vultu
924 3045 1067 3110 puguant,
1085 3055 1114 3090 v.
1131 3053 1298 3092 roo—aro.
1313 3036 1386 3090 Vera

325 3128 463 3186 nobilitas
482 3147 497 3184 a
517 3126 638 3198 virtute,
661 3145 756 3184 noua
778 3126 867 3184 titulis
888 3136 917 3182 ct
934 3145 1070 3200 generosa
1088 3127 1177 3200 stirpe
1194 3126 1316 3201 pendet,
1334 3143 1386 3182 nec

326 3219 478 3294 φιίιιιιιιιιι
489 3217 647 3290 dubitabit,
661 3219 813 3290 Senecam,
827 3219 923 3276 virum
934 3219 1107 3295 ignobilem,
1118 3219 1170 3276 scd
1178 3219 1302 3288 bouum,
1315 3237 1388 3294 pre-

325 3311 401 3370 ferre
415 3309 526 3368 Neroni
540 3309 726 3385 Imperatori,
747 3311 798 3385 qni
814 3321 950 3381 matrem,
967 3329 1086 3379 uxores,
1106 3329 1248 3381 sororem,
1268 3311 1386 3370 snam

246 3411 250 3418 '
325 3405 454 3480 aliosque
467 3404 648 3480 propinquos
659 3404 774 3474 occidit,
788 3403 819 3458 in
831 3403 948 3460 theatris
958 3403 1092 3473 cantavit,
1108 3413 1137 3459 et
1149 3403 1253 3459 Troica
1265 3403 1386 3478 scripsit,

325 3517 356 3555 v.
368 3517 402 3554 ar
410 3497 534 3554 r—ado.
546 3495 668 3552 Catilina
679 3505 708 3552 et
720 3495 862 3572 Cethegus
875 3493 1046 3551 nobilissimi
1056 3495 1137 3551 luere
1145 3494 1218 3566 viri,
1230 3495 1280 3552 sed
1288 3497 1386 3570 patrie

325 3589 480 3666 perdendae
493 3587 645 3646 consilium
655 3587 798 3662 inierunt,
812 3607 897 3662 quam
906 3586 1027 3644 interitu
1036 3586 1194 3644 vindicavit
1207 3587 1311 3645 Cicero
1319 3607 1387 3646 oon-

326 3683 389 3753 sul,
408 3699 501 3739 novus
520 3680 621 3750 bomo,
642 3678 694 3752 qui
712 3679 789 3753 pacis
806 3679 915 3734 artibus
932 3679 997 3751 plus
1016 3676 1132 3753 glorias,
1151 3695 1238 3752 quam
1253 3679 1386 3736 Octavius

325 3772 448 3830 victoria
462 3771 577 3828 Actiaca
590 3781 619 3827 et
635 3769 808 3844 Philippica,
822 3769 941 3844 adeptus
957 3780 1017 3839 est,
1030 3769 1198 3844 primusque
1213 3769 1330 3828 decreto
1344 3789 1386 3826 se·

325 3874 409 3920 natus
420 3865 517 3922 Patris
526 3862 633 3937 patrioe
646 3879 806 3937 cognomen
819 3863 943 3937 accepit,
957 3881 988 3918 v.
1000 3863 1166 3929 abb-att.
1181 3863 1305 3934 Marius,
1315 3863 1387 3919 alius

325 3953 458 4027 Arpinas,
470 3953 521 4028 qui
531 3951 722 4010 mercenarius
733 3952 803 4009 olim
816 3963 914 4008 arator
922 3951 1009 4008 alieni
1019 3952 1093 4027 agri,
1107 3962 1137 4007 et
1146 3951 1228 4009 miles
1240 3952 1385 4029 gregarius

325 4043 396 4113 suit,
406 4045 476 4101 aicit
487 4043 629 4114 Cimbros,
640 4062 820 4119 pressusque
831 4063 848 4097 a
859 4061 891 4100 re
902 4043 1014 4118 publice
1026 4043 1185 4118 periculum
1194 4045 1386 4119 propulsavit,

325 4133 478 4206 adjuvante
489 4135 605 4208 quidem
622 4135 739 4204 Catulo,
753 4135 818 4190 viro
830 4133 1024 4202 nobilissimo,
1040 4133 1089 4207 qui
1105 4143 1199 4190 tamen
1210 4153 1268 4190 uon
1281 4133 1387 4190 trium-
