<?xml version="1.0" encoding="UTF-8"?>
<!DOCTYPE html PUBLIC "-//W3C//DTD XHTML 1.0 Transitional//EN"
    "http://www.w3.org/TR/xhtml1/DTD/xhtml1-transitional.dtd">
<html xmlns="http://www.w3.org/1999/xhtml" xml:lang="en" lang="en">
 <head>
  <title>
</title>
<meta http-equiv="Content-Type" content="text/html;charset=utf-8" />
  <meta name='ocr-system' content='tesseract 3.04.00' />
  <meta name='ocr-capabilities' content='ocr_page ocr_carea ocr_par ocr_line ocrx_word'/>
</head>
<body>
  <div class='ocr_page' id='page_1' title='image "./sexdecimsatir01lemagoog_0649.png"; bbox 0 0 3122 4986; ppageno 0'>
   <div class='ocr_carea' id='block_1_1' title="bbox 335 499 1120 569">
    <p class='ocr_par' dir='ltr' id='par_1_1' title="bbox 335 499 1120 569">
     <span class='ocr_line' id='line_1_1' title="bbox 335 499 1120 569; baseline 0.008 -6"><span class='ocrx_word' id='word_1_1' title='bbox 335 499 398 566; x_wconf 83' lang='lat'>630</span> <span class='ocrx_word' id='word_1_2' title='bbox 609 503 648 566; x_wconf 89' lang='lat' dir='ltr'>D.</span> <span class='ocrx_word' id='word_1_3' title='bbox 675 501 811 566; x_wconf 89' lang='lat' dir='ltr'><strong>JUNII</strong></span> <span class='ocrx_word' id='word_1_4' title='bbox 837 501 1120 569; x_wconf 80' lang='lat' dir='ltr'><strong>JUVENALIS</strong></span> 
     </span>
    </p>
   </div>
   <div class='ocr_carea' id='block_1_2' title="bbox 326 615 1409 2252">
    <p class='ocr_par' dir='ltr' id='par_1_2' title="bbox 326 615 1409 2252">
     <span class='ocr_line' id='line_1_2' title="bbox 334 615 1405 711; baseline 0.007 -29"><span class='ocrx_word' id='word_1_5' title='bbox 334 617 491 701; x_wconf 87' lang='lat' dir='ltr'><strong>Pontice,</strong></span> <span class='ocrx_word' id='word_1_6' title='bbox 506 617 687 702; x_wconf 86' lang='lat' dir='ltr'>noluerim,</span> <span class='ocrx_word' id='word_1_7' title='bbox 704 615 751 684; x_wconf 92' lang='lat' dir='ltr'>sic</span> <span class='ocrx_word' id='word_1_8' title='bbox 764 632 803 684; x_wconf 91' lang='lat' dir='ltr'>ut</span> <span class='ocrx_word' id='word_1_9' title='bbox 817 615 901 687; x_wconf 87' lang='lat' dir='ltr'>nihil</span> <span class='ocrx_word' id='word_1_10' title='bbox 918 619 988 711; x_wconf 83' lang='lat' dir='ltr'>ipse¹</span> <span class='ocrx_word' id='word_1_11' title='bbox 1005 619 1127 689; x_wconf 78' lang='lat' dir='ltr'>futurae</span> <span class='ocrx_word' id='word_1_12' title='bbox 1368 629 1405 702; x_wconf 78' lang='lat'>75</span> 
     </span>
     <span class='ocr_line' id='line_1_3' title="bbox 332 725 1308 820; baseline 0.006 -28"><span class='ocrx_word' id='word_1_13' title='bbox 332 725 456 794; x_wconf 88' lang='lat' dir='ltr'><strong>Laudis</strong></span> <span class='ocrx_word' id='word_1_14' title='bbox 469 751 556 820; x_wconf 86' lang='lat' dir='ltr'>agas.</span> <span class='ocrx_word' id='word_1_15' title='bbox 574 727 737 796; x_wconf 89' lang='lat' dir='ltr'>Miserum</span> <span class='ocrx_word' id='word_1_16' title='bbox 754 742 806 799; x_wconf 87' lang='lat' dir='ltr'>est</span> <span class='ocrx_word' id='word_1_17' title='bbox 821 725 966 796; x_wconf 90' lang='lat' dir='ltr'>aliorum</span> <span class='ocrx_word' id='word_1_18' title='bbox 980 729 1176 798; x_wconf 84' lang='lat' dir='ltr'><strong>incumbere</strong></span> <span class='ocrx_word' id='word_1_19' title='bbox 1190 727 1308 812; x_wconf 85' lang='lat' dir='ltr'>famae,</span> 
     </span>
     <span class='ocr_line' id='line_1_4' title="bbox 332 834 1142 930; baseline 0.005 -28"><span class='ocrx_word' id='word_1_20' title='bbox 332 837 386 903; x_wconf 89' lang='lat' dir='ltr'>Ne</span> <span class='ocrx_word' id='word_1_21' title='bbox 401 834 546 930; x_wconf 89' lang='lat' dir='ltr'>collapsa</span> <span class='ocrx_word' id='word_1_22' title='bbox 560 853 659 904; x_wconf 82' lang='lat' dir='ltr'><strong>ruant</strong></span> <span class='ocrx_word' id='word_1_23' title='bbox 673 835 847 906; x_wconf 90' lang='lat' dir='ltr'>subductis</span> <span class='ocrx_word' id='word_1_24' title='bbox 862 851 951 905; x_wconf 89' lang='lat' dir='ltr'>tecta</span> <span class='ocrx_word' id='word_1_25' title='bbox 967 837 1142 907; x_wconf 92' lang='lat' dir='ltr'>columnis.</span> 
     </span>
     <span class='ocr_line' id='line_1_5' title="bbox 332 945 1156 1042; baseline 0.004 -29"><span class='ocrx_word' id='word_1_26' title='bbox 332 946 462 1015; x_wconf 87' lang='lat' dir='ltr'>Stratus</span> <span class='ocrx_word' id='word_1_27' title='bbox 478 947 572 1017; x_wconf 90' lang='lat' dir='ltr'>humi</span> <span class='ocrx_word' id='word_1_28' title='bbox 588 947 714 1042; x_wconf 90' lang='lat' dir='ltr'>palmes</span> <span class='ocrx_word' id='word_1_29' title='bbox 727 946 844 1016; x_wconf 88' lang='lat' dir='ltr'>viduas</span> <span class='ocrx_word' id='word_1_30' title='bbox 858 946 1025 1016; x_wconf 83' lang='lat' dir='ltr'>desiderat</span> <span class='ocrx_word' id='word_1_31' title='bbox 1037 945 1156 1017; x_wconf 80' lang='lat' dir='ltr'>ulmos</span> 
     </span>
     <span class='ocr_line' id='line_1_6' title="bbox 382 1058 1206 1146; baseline 0 -20"><span class='ocrx_word' id='word_1_32' title='bbox 382 1060 463 1127; x_wconf 91' lang='lat' dir='ltr'>Esto</span> <span class='ocrx_word' id='word_1_33' title='bbox 477 1059 586 1128; x_wconf 90' lang='lat' dir='ltr'>bonus</span> <span class='ocrx_word' id='word_1_34' title='bbox 602 1058 712 1146; x_wconf 90' lang='lat' dir='ltr'>miles,</span> <span class='ocrx_word' id='word_1_35' title='bbox 728 1075 822 1128; x_wconf 91' lang='lat' dir='ltr'>tutor</span> <span class='ocrx_word' id='word_1_36' title='bbox 837 1058 961 1144; x_wconf 89' lang='lat' dir='ltr'>bonus,</span> <span class='ocrx_word' id='word_1_37' title='bbox 977 1059 1101 1128; x_wconf 83' lang='lat' dir='ltr'>arbiter</span> <span class='ocrx_word' id='word_1_38' title='bbox 1115 1059 1206 1127; x_wconf 88' lang='lat' dir='ltr'>idern</span> 
     </span>
     <span class='ocr_line' id='line_1_7' title="bbox 334 1168 1408 1264; baseline 0.006 -31"><span class='ocrx_word' id='word_1_39' title='bbox 334 1169 492 1261; x_wconf 84' lang='lat' dir='ltr'>Integer:</span> <span class='ocrx_word' id='word_1_40' title='bbox 510 1169 674 1262; x_wconf 84' lang='lat' dir='ltr'>a&#39;mhiguae</span> <span class='ocrx_word' id='word_1_41' title='bbox 693 1171 721 1238; x_wconf 91' lang='lat' dir='ltr'>si</span> <span class='ocrx_word' id='word_1_42' title='bbox 738 1168 873 1264; x_wconf 73' lang='lat' dir='ltr'>quiando</span> <span class='ocrx_word' id='word_1_43' title='bbox 890 1170 1036 1240; x_wconf 80' lang='lat' dir='ltr'>citabere</span> <span class='ocrx_word' id='word_1_44' title='bbox 1053 1170 1147 1238; x_wconf 86' lang='lat' dir='ltr'>testis</span> <span class='ocrx_word' id='word_1_45' title='bbox 1372 1179 1408 1228; x_wconf 82' lang='lat'>8⁰</span> 
     </span>
     <span class='ocr_line' id='line_1_8' title="bbox 326 1277 1178 1375; baseline 0.004 -31"><span class='ocrx_word' id='word_1_46' title='bbox 326 1278 544 1371; x_wconf 76' lang='lat' dir='ltr'>&#39;Incertasque</span> <span class='ocrx_word' id='word_1_47' title='bbox 564 1279 630 1366; x_wconf 91' lang='lat' dir='ltr'>rei,</span> <span class='ocrx_word' id='word_1_48' title='bbox 646 1278 796 1348; x_wconf 91' lang='lat' dir='ltr'>Phalaris</span> <span class='ocrx_word' id='word_1_49' title='bbox 810 1277 890 1350; x_wconf 91' lang='lat' dir='ltr'>licet</span> <span class='ocrx_word' id='word_1_50' title='bbox 903 1281 1064 1375; x_wconf 89' lang='lat' dir='ltr'>imperet,</span> <span class='ocrx_word' id='word_1_51' title='bbox 1081 1295 1119 1349; x_wconf 89' lang='lat' dir='ltr'>ut</span> <span class='ocrx_word' id='word_1_52' title='bbox 1133 1279 1178 1348; x_wconf 91' lang='lat' dir='ltr'>sis</span> 
     </span>
     <span class='ocr_line' id='line_1_9' title="bbox 334 1382 1088 1482; baseline 0.011 -31"><span class='ocrx_word' id='word_1_53' title='bbox 334 1382 467 1471; x_wconf 90' lang='lat' dir='ltr'>Falsus,</span> <span class='ocrx_word' id='word_1_54' title='bbox 487 1399 520 1454; x_wconf 92' lang='lat' dir='ltr'>et</span> <span class='ocrx_word' id='word_1_55' title='bbox 535 1385 670 1456; x_wconf 92' lang='lat' dir='ltr'>admoto</span> <span class='ocrx_word' id='word_1_56' title='bbox 686 1387 790 1457; x_wconf 90' lang='lat' dir='ltr'>dictet</span> <span class='ocrx_word' id='word_1_57' title='bbox 807 1389 958 1482; x_wconf 87' lang='lat' dir='ltr'>perjuria</span> <span class='ocrx_word' id='word_1_58' title='bbox 973 1405 1088 1476; x_wconf 92' lang='lat' dir='ltr'>tauro,</span> 
     </span>
     <span class='ocr_line' id='line_1_10' title="bbox 335 1494 1231 1595; baseline 0.008 -35"><span class='ocrx_word' id='word_1_59' title='bbox 335 1494 510 1562; x_wconf 91' lang='lat' dir='ltr'>Summum</span> <span class='ocrx_word' id='word_1_60' title='bbox 527 1495 627 1565; x_wconf 90' lang='lat' dir='ltr'>crede</span> <span class='ocrx_word' id='word_1_61' title='bbox 642 1496 737 1566; x_wconf 88' lang='lat' dir='ltr'>nefas</span> <span class='ocrx_word' id='word_1_62' title='bbox 752 1498 898 1568; x_wconf 90' lang='lat' dir='ltr'>animam</span> <span class='ocrx_word' id='word_1_63' title='bbox 913 1499 1074 1595; x_wconf 84' lang='lat' dir='ltr'>praelerre</span> <span class='ocrx_word' id='word_1_64' title='bbox 1091 1499 1231 1594; x_wconf 90' lang='lat' dir='ltr'>pudori,</span> 
     </span>
     <span class='ocr_line' id='line_1_11' title="bbox 335 1607 1121 1702; baseline 0.011 -31"><span class='ocrx_word' id='word_1_65' title='bbox 335 1607 380 1671; x_wconf 91' lang='lat' dir='ltr'>Et</span> <span class='ocrx_word' id='word_1_66' title='bbox 394 1619 534 1699; x_wconf 89' lang='lat' dir='ltr'>propter</span> <span class='ocrx_word' id='word_1_67' title='bbox 546 1607 651 1675; x_wconf 86' lang='lat' dir='ltr'>vitam</span> <span class='ocrx_word' id='word_1_68' title='bbox 667 1607 804 1677; x_wconf 85' lang='lat' dir='ltr'>vivendi</span> <span class='ocrx_word' id='word_1_69' title='bbox 820 1609 966 1702; x_wconf 90' lang='lat' dir='ltr'>perdere</span> <span class='ocrx_word' id='word_1_70' title='bbox 981 1633 1121 1680; x_wconf 82' lang='lat' dir='ltr'>caussas.</span> 
     </span>
     <span class='ocr_line' id='line_1_12' title="bbox 335 1713 1409 1815; baseline 0.007 -35"><span class='ocrx_word' id='word_1_71' title='bbox 335 1713 466 1815; x_wconf 80' lang='lat' dir='ltr'>Dignus</span> <span class='ocrx_word' id='word_1_72' title='bbox 480 1731 589 1784; x_wconf 86' lang='lat' dir='ltr'>morte</span> <span class='ocrx_word' id='word_1_73' title='bbox 602 1717 711 1813; x_wconf 90' lang='lat' dir='ltr'>perit,</span> <span class='ocrx_word' id='word_1_74' title='bbox 727 1733 837 1788; x_wconf 88' lang='lat' dir='ltr'>coenet</span> <span class='ocrx_word' id='word_1_75' title='bbox 852 1716 931 1788; x_wconf 90' lang='lat' dir='ltr'>licet</span> <span class='ocrx_word' id='word_1_76' title='bbox 945 1733 1057 1788; x_wconf 88' lang='lat' dir='ltr'>ostrea</span> <span class='ocrx_word' id='word_1_77' title='bbox 1070 1733 1207 1792; x_wconf 89' lang='lat' dir='ltr'>centum</span> <span class='ocrx_word' id='word_1_78' title='bbox 1374 1727 1409 1781; x_wconf 77' lang='lat'>8⁵</span> 
     </span>
     <span class='ocr_line' id='line_1_13' title="bbox 337 1822 1122 1922; baseline 0.013 -34"><span class='ocrx_word' id='word_1_79' title='bbox 337 1822 511 1910; x_wconf 88' lang='lat' dir='ltr'>Gaurana,</span> <span class='ocrx_word' id='word_1_80' title='bbox 532 1839 567 1894; x_wconf 90' lang='lat' dir='ltr'>et</span> <span class='ocrx_word' id='word_1_81' title='bbox 584 1827 698 1896; x_wconf 89' lang='lat' dir='ltr'>Cosmi</span> <span class='ocrx_word' id='word_1_82' title='bbox 717 1841 790 1896; x_wconf 90' lang='lat' dir='ltr'>toto</span> <span class='ocrx_word' id='word_1_83' title='bbox 810 1843 983 1922; x_wconf 82' lang='lat' dir='ltr'>mergatur</span> <span class='ocrx_word' id='word_1_84' title='bbox 1001 1830 1122 1898; x_wconf 92' lang='lat' dir='ltr'>aheno.</span> 
     </span>
     <span class='ocr_line' id='line_1_14' title="bbox 386 1934 1171 2032; baseline 0.005 -32"><span class='ocrx_word' id='word_1_85' title='bbox 386 1934 587 2027; x_wconf 82' lang='lat' dir='ltr'>Exspectata</span> <span class='ocrx_word' id='word_1_86' title='bbox 601 1936 659 2004; x_wconf 94' lang='lat' dir='ltr'>diu</span> <span class='ocrx_word' id='word_1_87' title='bbox 676 1937 812 2006; x_wconf 89' lang='lat' dir='ltr'>tandem</span> <span class='ocrx_word' id='word_1_88' title='bbox 830 1937 1004 2032; x_wconf 88' lang='lat' dir='ltr'>provincia</span> <span class='ocrx_word' id='word_1_89' title='bbox 1018 1963 1123 2032; x_wconf 91' lang='lat' dir='ltr'>quum</span> <span class='ocrx_word' id='word_1_90' title='bbox 1138 1951 1171 2005; x_wconf 92' lang='lat' dir='ltr'>te</span> 
     </span>
     <span class='ocr_line' id='line_1_15' title="bbox 337 2042 1230 2141; baseline 0.003 -31"><span class='ocrx_word' id='word_1_91' title='bbox 337 2045 518 2112; x_wconf 89' lang='lat' dir='ltr'>Rectorem</span> <span class='ocrx_word' id='word_1_92' title='bbox 534 2046 694 2141; x_wconf 88' lang='lat' dir='ltr'>accipiet,</span> <span class='ocrx_word' id='word_1_93' title='bbox 710 2069 801 2140; x_wconf 90' lang='lat' dir='ltr'>pone</span> <span class='ocrx_word' id='word_1_94' title='bbox 817 2047 874 2116; x_wconf 87' lang='lat' dir='ltr'>irae</span> <span class='ocrx_word' id='word_1_95' title='bbox 891 2045 989 2115; x_wconf 88' lang='lat' dir='ltr'>frena</span> <span class='ocrx_word' id='word_1_96' title='bbox 1004 2042 1230 2140; x_wconf 92' lang='lat' dir='ltr'>modumque,</span> 
     </span>
     <span class='ocr_line' id='line_1_16' title="bbox 338 2153 1196 2252; baseline 0.002 -32"><span class='ocrx_word' id='word_1_97' title='bbox 338 2153 431 2221; x_wconf 89' lang='lat' dir='ltr'>Pone</span> <span class='ocrx_word' id='word_1_98' title='bbox 447 2167 481 2221; x_wconf 90' lang='lat' dir='ltr'>et</span> <span class='ocrx_word' id='word_1_99' title='bbox 497 2155 663 2252; x_wconf 63' lang='lat' dir='ltr'>avaritiae3</span> <span class='ocrx_word' id='word_1_100' title='bbox 681 2155 841 2225; x_wconf 89' lang='lat' dir='ltr'>miserere</span> <span class='ocrx_word' id='word_1_101' title='bbox 857 2155 998 2250; x_wconf 89' lang='lat' dir='ltr'>inopum</span> <span class='ocrx_word' id='word_1_102' title='bbox 1015 2155 1196 2224; x_wconf 91' lang='lat' dir='ltr'>sociorum.</span> 
     </span>
    </p>
   </div>
   <div class='ocr_carea' id='block_1_3' title="bbox 337 2355 1407 2454">
    <p class='ocr_par' dir='ltr' id='par_1_3' title="bbox 337 2355 1407 2454">
     <span class='ocr_line' id='line_1_17' title="bbox 337 2355 1407 2454; baseline 0.003 -21"><span class='ocrx_word' id='word_1_103' title='bbox 337 2379 484 2434; x_wconf 88' lang='lat' dir='ltr'>communi</span> <span class='ocrx_word' id='word_1_104' title='bbox 497 2379 558 2436; x_wconf 79' lang='lat' dir='ltr'>lere</span> <span class='ocrx_word' id='word_1_105' title='bbox 570 2399 656 2437; x_wconf 86' lang='lat' dir='ltr'>sensu</span> <span class='ocrx_word' id='word_1_106' title='bbox 674 2392 781 2438; x_wconf 85' lang='lat' dir='ltr'>carent.</span> <span class='ocrx_word' id='word_1_107' title='bbox 802 2379 844 2436; x_wconf 81' lang='lat' dir='ltr'>&#39;I&#39;e</span> <span class='ocrx_word' id='word_1_108' title='bbox 861 2399 950 2452; x_wconf 82' lang='lat' dir='ltr'>vero,</span> <span class='ocrx_word' id='word_1_109' title='bbox 970 2381 1109 2452; x_wconf 87' lang='lat' dir='ltr'>Pontice,</span> <span class='ocrx_word' id='word_1_110' title='bbox 1128 2355 1272 2454; x_wconf 74' lang='lat' dir='ltr'>majorum</span> <span class='ocrx_word' id='word_1_111' title='bbox 1287 2390 1407 2436; x_wconf 84' lang='lat' dir='ltr'>tuorum</span> 
     </span>
    </p>
   </div>
   <div class='ocr_carea' id='block_1_4' title="bbox 304 2469 1411 3746">
    <p class='ocr_par' dir='ltr' id='par_1_4' title="bbox 304 2469 1409 2916">
     <span class='ocr_line' id='line_1_18' title="bbox 338 2469 1408 2550; baseline -0.001 -24"><span class='ocrx_word' id='word_1_112' title='bbox 338 2469 470 2528; x_wconf 81' lang='lat' dir='ltr'>laudibus</span> <span class='ocrx_word' id='word_1_113' title='bbox 489 2471 628 2529; x_wconf 82' lang='lat' dir='ltr'>duntaxat</span> <span class='ocrx_word' id='word_1_114' title='bbox 643 2491 780 2550; x_wconf 77' lang='lat' dir='ltr'>magnum</span> <span class='ocrx_word' id='word_1_115' title='bbox 796 2491 855 2530; x_wconf 91' lang='lat' dir='ltr'>esse</span> <span class='ocrx_word' id='word_1_116' title='bbox 871 2471 977 2543; x_wconf 90' lang='lat' dir='ltr'>nolim,</span> <span class='ocrx_word' id='word_1_117' title='bbox 997 2471 1070 2530; x_wconf 86' lang='lat' dir='ltr'>adeo</span> <span class='ocrx_word' id='word_1_118' title='bbox 1090 2482 1125 2528; x_wconf 92' lang='lat' dir='ltr'>nt</span> <span class='ocrx_word' id='word_1_119' title='bbox 1138 2472 1212 2528; x_wconf 87' lang='lat' dir='ltr'>nihil</span> <span class='ocrx_word' id='word_1_120' title='bbox 1227 2489 1282 2546; x_wconf 82' lang='lat' dir='ltr'>per</span> <span class='ocrx_word' id='word_1_121' title='bbox 1297 2481 1327 2526; x_wconf 90' lang='lat' dir='ltr'>te</span> <span class='ocrx_word' id='word_1_122' title='bbox 1344 2470 1408 2545; x_wconf 87' lang='lat' dir='ltr'>ipse</span> 
     </span>
     <span class='ocr_line' id='line_1_19' title="bbox 339 2563 1408 2650; baseline -0.002 -30"><span class='ocrx_word' id='word_1_123' title='bbox 339 2582 436 2650; x_wconf 75' lang='lat' dir='ltr'>geras,</span> <span class='ocrx_word' id='word_1_124' title='bbox 452 2565 533 2639; x_wconf 92' lang='lat' dir='ltr'>quod</span> <span class='ocrx_word' id='word_1_125' title='bbox 548 2565 668 2622; x_wconf 81' lang='lat' dir='ltr'>laudent</span> <span class='ocrx_word' id='word_1_126' title='bbox 686 2565 805 2639; x_wconf 86' lang='lat' dir='ltr'>posteri.</span> <span class='ocrx_word' id='word_1_127' title='bbox 823 2563 913 2621; x_wconf 85' lang='lat' dir='ltr'>Miser</span> <span class='ocrx_word' id='word_1_128' title='bbox 930 2575 974 2620; x_wconf 87' lang='lat' dir='ltr'>est</span> <span class='ocrx_word' id='word_1_129' title='bbox 992 2565 1042 2639; x_wconf 90' lang='lat' dir='ltr'>qui</span> <span class='ocrx_word' id='word_1_130' title='bbox 1058 2565 1149 2622; x_wconf 89' lang='lat' dir='ltr'>aliena</span> <span class='ocrx_word' id='word_1_131' title='bbox 1165 2563 1270 2620; x_wconf 86' lang='lat' dir='ltr'>nititur</span> <span class='ocrx_word' id='word_1_132' title='bbox 1284 2573 1313 2620; x_wconf 88' lang='lat' dir='ltr'>et</span> <span class='ocrx_word' id='word_1_133' title='bbox 1328 2563 1408 2639; x_wconf 74' lang='lat' dir='ltr'>viget</span> 
     </span>
     <span class='ocr_line' id='line_1_20' title="bbox 304 2653 1409 2731; baseline -0.004 -17"><span class='ocrx_word' id='word_1_134' title='bbox 304 2678 309 2688; x_wconf 91' lang='lat'><em>·</em></span> <span class='ocrx_word' id='word_1_135' title='bbox 339 2659 426 2725; x_wconf 84' lang='lat' dir='ltr'>lama,</span> <span class='ocrx_word' id='word_1_136' title='bbox 439 2655 518 2713; x_wconf 79' lang='lat' dir='ltr'>haud</span> <span class='ocrx_word' id='word_1_137' title='bbox 535 2675 616 2714; x_wconf 87' lang='lat' dir='ltr'>secus</span> <span class='ocrx_word' id='word_1_138' title='bbox 631 2676 664 2713; x_wconf 91' lang='lat' dir='ltr'>ac</span> <span class='ocrx_word' id='word_1_139' title='bbox 681 2655 800 2712; x_wconf 85' lang='lat' dir='ltr'>aedilicia</span> <span class='ocrx_word' id='word_1_140' title='bbox 815 2656 970 2731; x_wconf 87' lang='lat' dir='ltr'>suppositis</span> <span class='ocrx_word' id='word_1_141' title='bbox 985 2655 1126 2713; x_wconf 86' lang='lat' dir='ltr'>columnis</span> <span class='ocrx_word' id='word_1_142' title='bbox 1141 2655 1256 2726; x_wconf 84' lang='lat' dir='ltr'>innixa,</span> <span class='ocrx_word' id='word_1_143' title='bbox 1271 2671 1341 2730; x_wconf 83' lang='lat' dir='ltr'>quas</span> <span class='ocrx_word' id='word_1_144' title='bbox 1354 2653 1409 2710; x_wconf 80' lang='lat' dir='ltr'>ulti</span> 
     </span>
     <span class='ocr_line' id='line_1_21' title="bbox 340 2747 1407 2824; baseline -0.002 -18"><span class='ocrx_word' id='word_1_145' title='bbox 340 2749 528 2818; x_wconf 87' lang='lat' dir='ltr'>subduxeris,</span> <span class='ocrx_word' id='word_1_146' title='bbox 544 2765 630 2804; x_wconf 85' lang='lat' dir='ltr'>ruere</span> <span class='ocrx_word' id='word_1_147' title='bbox 642 2747 749 2804; x_wconf 90' lang='lat' dir='ltr'>molem</span> <span class='ocrx_word' id='word_1_148' title='bbox 766 2757 856 2804; x_wconf 84' lang='lat' dir='ltr'>totam</span> <span class='ocrx_word' id='word_1_149' title='bbox 870 2767 984 2805; x_wconf 88' lang='lat' dir='ltr'>necesse</span> <span class='ocrx_word' id='word_1_150' title='bbox 1000 2761 1054 2819; x_wconf 88' lang='lat' dir='ltr'>est;</span> <span class='ocrx_word' id='word_1_151' title='bbox 1073 2760 1122 2805; x_wconf 87' lang='lat' dir='ltr'>aut</span> <span class='ocrx_word' id='word_1_152' title='bbox 1137 2749 1230 2805; x_wconf 85' lang='lat' dir='ltr'>instar</span> <span class='ocrx_word' id='word_1_153' title='bbox 1242 2749 1407 2824; x_wconf 83' lang='lat' dir='ltr'>palmitum,</span> 
     </span>
     <span class='ocr_line' id='line_1_22' title="bbox 340 2837 1408 2916; baseline 0 -20"><span class='ocrx_word' id='word_1_154' title='bbox 340 2841 408 2916; x_wconf 89' lang='lat' dir='ltr'>qui,</span> <span class='ocrx_word' id='word_1_155' title='bbox 418 2839 454 2896; x_wconf 80' lang='lat' dir='ltr'>ab</span> <span class='ocrx_word' id='word_1_156' title='bbox 462 2839 550 2896; x_wconf 90' lang='lat' dir='ltr'>ulmis</span> <span class='ocrx_word' id='word_1_157' title='bbox 561 2837 664 2912; x_wconf 84' lang='lat' dir='ltr'>dejecti</span> <span class='ocrx_word' id='word_1_158' title='bbox 677 2837 814 2908; x_wconf 77' lang='lat' dir='ltr'>viduatis,</span> <span class='ocrx_word' id='word_1_159' title='bbox 826 2837 908 2894; x_wconf 88' lang='lat' dir='ltr'>humi</span> <span class='ocrx_word' id='word_1_160' title='bbox 920 2837 1018 2912; x_wconf 87' lang='lat' dir='ltr'>jacent</span> <span class='ocrx_word' id='word_1_161' title='bbox 1029 2839 1195 2914; x_wconf 75' lang='lat' dir='ltr'>presidium</span> <span class='ocrx_word' id='word_1_162' title='bbox 1205 2837 1408 2897; x_wconf 81' lang='lat' dir='ltr'>desiderantes.</span> 
     </span>
    </p>

    <p class='ocr_par' dir='ltr' id='par_1_5' title="bbox 341 2927 1411 3746">
     <span class='ocr_line' id='line_1_23' title="bbox 380 2927 1410 3008; baseline -0.001 -19"><span class='ocrx_word' id='word_1_163' title='bbox 380 2953 427 3008; x_wconf 86' lang='lat'>79.</span> <span class='ocrx_word' id='word_1_164' title='bbox 450 2933 607 2989; x_wconf 87' lang='lat' dir='ltr'>Strenuum</span> <span class='ocrx_word' id='word_1_165' title='bbox 618 2939 647 2986; x_wconf 89' lang='lat' dir='ltr'>te</span> <span class='ocrx_word' id='word_1_166' title='bbox 656 2927 776 2986; x_wconf 87' lang='lat' dir='ltr'>militem</span> <span class='ocrx_word' id='word_1_167' title='bbox 786 2931 900 3004; x_wconf 81' lang='lat' dir='ltr'>praebe3</span> <span class='ocrx_word' id='word_1_168' title='bbox 922 2941 1050 2988; x_wconf 90' lang='lat' dir='ltr'>tutorem</span> <span class='ocrx_word' id='word_1_169' title='bbox 1069 2951 1198 3007; x_wconf 76' lang='lat' dir='ltr'>equum3</span> <span class='ocrx_word' id='word_1_170' title='bbox 1218 2930 1360 2988; x_wconf 83' lang='lat' dir='ltr'>arbitrum</span> <span class='ocrx_word' id='word_1_171' title='bbox 1377 2929 1410 2988; x_wconf 88' lang='lat' dir='ltr'>in</span> 
     </span>
     <span class='ocr_line' id='line_1_24' title="bbox 341 3019 1410 3100; baseline -0.002 -18"><span class='ocrx_word' id='word_1_172' title='bbox 341 3022 548 3099; x_wconf 86' lang='lat' dir='ltr'>componendis</span> <span class='ocrx_word' id='word_1_173' title='bbox 563 3021 663 3078; x_wconf 87' lang='lat' dir='ltr'>litibus</span> <span class='ocrx_word' id='word_1_174' title='bbox 677 3019 881 3097; x_wconf 86' lang='lat' dir='ltr'>incorruptum</span> <span class='ocrx_word' id='word_1_175' title='bbox 896 3045 903 3078; x_wconf 95' lang='lat'><strong>:</strong></span> <span class='ocrx_word' id='word_1_176' title='bbox 919 3023 944 3079; x_wconf 87' lang='lat' dir='ltr'>si</span> <span class='ocrx_word' id='word_1_177' title='bbox 957 3023 1033 3081; x_wconf 80' lang='lat' dir='ltr'>sorte</span> <span class='ocrx_word' id='word_1_178' title='bbox 1048 3023 1212 3100; x_wconf 84' lang='lat' dir='ltr'>contingat,</span> <span class='ocrx_word' id='word_1_179' title='bbox 1227 3034 1262 3080; x_wconf 90' lang='lat' dir='ltr'>nt</span> <span class='ocrx_word' id='word_1_180' title='bbox 1275 3023 1308 3079; x_wconf 91' lang='lat' dir='ltr'>in</span> <span class='ocrx_word' id='word_1_181' title='bbox 1321 3021 1410 3080; x_wconf 79' lang='lat' dir='ltr'>dubia</span> 
     </span>
     <span class='ocr_line' id='line_1_25' title="bbox 343 3112 1410 3193; baseline -0.002 -19"><span class='ocrx_word' id='word_1_182' title='bbox 343 3118 509 3192; x_wconf 89' lang='lat' dir='ltr'>incertaque</span> <span class='ocrx_word' id='word_1_183' title='bbox 521 3134 621 3186; x_wconf 86' lang='lat' dir='ltr'>cansa,</span> <span class='ocrx_word' id='word_1_184' title='bbox 636 3112 833 3171; x_wconf 84' lang='lat' dir='ltr'>testimonium</span> <span class='ocrx_word' id='word_1_185' title='bbox 846 3115 942 3172; x_wconf 87' lang='lat' dir='ltr'>dicere</span> <span class='ocrx_word' id='word_1_186' title='bbox 958 3115 1082 3193; x_wconf 81' lang='lat' dir='ltr'>cogaris,</span> <span class='ocrx_word' id='word_1_187' title='bbox 1100 3116 1212 3173; x_wconf 86' lang='lat' dir='ltr'>tametsi</span> <span class='ocrx_word' id='word_1_188' title='bbox 1227 3115 1353 3172; x_wconf 82' lang='lat' dir='ltr'>Phalaris</span> <span class='ocrx_word' id='word_1_189' title='bbox 1370 3115 1410 3172; x_wconf 86' lang='lat' dir='ltr'>ad</span> 
     </span>
     <span class='ocr_line' id='line_1_26' title="bbox 342 3205 1411 3284; baseline 0 -18"><span class='ocrx_word' id='word_1_190' title='bbox 342 3210 444 3266; x_wconf 79' lang='lat' dir='ltr'>salsum</span> <span class='ocrx_word' id='word_1_191' title='bbox 461 3205 659 3264; x_wconf 87' lang='lat' dir='ltr'>testimonium</span> <span class='ocrx_word' id='word_1_192' title='bbox 675 3205 827 3262; x_wconf 81' lang='lat' dir='ltr'>ferendum</span> <span class='ocrx_word' id='word_1_193' title='bbox 845 3217 875 3264; x_wconf 92' lang='lat' dir='ltr'>te</span> <span class='ocrx_word' id='word_1_194' title='bbox 892 3207 1031 3283; x_wconf 88' lang='lat' dir='ltr'>impellat,</span> <span class='ocrx_word' id='word_1_195' title='bbox 1050 3207 1237 3284; x_wconf 86' lang='lat' dir='ltr'>ardentisque</span> <span class='ocrx_word' id='word_1_196' title='bbox 1253 3208 1325 3266; x_wconf 82' lang='lat' dir='ltr'>tauri</span> <span class='ocrx_word' id='word_1_197' title='bbox 1337 3227 1411 3284; x_wconf 83' lang='lat' dir='ltr'>sup·</span> 
     </span>
     <span class='ocr_line' id='line_1_27' title="bbox 341 3298 1410 3379; baseline -0.001 -20"><span class='ocrx_word' id='word_1_198' title='bbox 341 3302 459 3379; x_wconf 82' lang='lat' dir='ltr'>plicium</span> <span class='ocrx_word' id='word_1_199' title='bbox 474 3318 597 3375; x_wconf 71' lang='lat' dir='ltr'>praeseus</span> <span class='ocrx_word' id='word_1_200' title='bbox 613 3298 831 3370; x_wconf 89' lang='lat' dir='ltr'>interminetur,</span> <span class='ocrx_word' id='word_1_201' title='bbox 845 3301 876 3355; x_wconf 93' lang='lat' dir='ltr'>ni</span> <span class='ocrx_word' id='word_1_202' title='bbox 893 3300 994 3358; x_wconf 83' lang='lat' dir='ltr'>falsum</span> <span class='ocrx_word' id='word_1_203' title='bbox 1012 3301 1108 3375; x_wconf 84' lang='lat' dir='ltr'>jures,</span> <span class='ocrx_word' id='word_1_204' title='bbox 1126 3301 1270 3377; x_wconf 87' lang='lat' dir='ltr'>piaculum</span> <span class='ocrx_word' id='word_1_205' title='bbox 1282 3299 1410 3358; x_wconf 77' lang='grc' dir='ltr'><strong>ἰιιιιιιιιιο</strong></span> 
     </span>
     <span class='ocr_line' id='line_1_28' title="bbox 343 3390 1409 3468; baseline -0.003 -16"><span class='ocrx_word' id='word_1_206' title='bbox 343 3413 402 3452; x_wconf 85' lang='lat' dir='ltr'>esse</span> <span class='ocrx_word' id='word_1_207' title='bbox 414 3404 497 3467; x_wconf 86' lang='lat' dir='ltr'>puta,</span> <span class='ocrx_word' id='word_1_208' title='bbox 511 3401 544 3447; x_wconf 89' lang='lat' dir='ltr'>ut</span> <span class='ocrx_word' id='word_1_209' title='bbox 554 3390 647 3467; x_wconf 76' lang='lat' dir='ltr'>fugias</span> <span class='ocrx_word' id='word_1_210' title='bbox 659 3409 771 3461; x_wconf 86' lang='lat' dir='ltr'>necem,</span> <span class='ocrx_word' id='word_1_211' title='bbox 783 3391 935 3449; x_wconf 84' lang='lat' dir='ltr'>admittere</span> <span class='ocrx_word' id='word_1_212' title='bbox 946 3391 1093 3468; x_wconf 87' lang='lat' dir='ltr'>quippiam</span> <span class='ocrx_word' id='word_1_213' title='bbox 1105 3392 1287 3466; x_wconf 89' lang='lat' dir='ltr'>pudendum,</span> <span class='ocrx_word' id='word_1_214' title='bbox 1300 3401 1330 3447; x_wconf 88' lang='lat' dir='ltr'>et</span> <span class='ocrx_word' id='word_1_215' title='bbox 1339 3391 1409 3449; x_wconf 79' lang='lat' dir='ltr'>vim</span> 
     </span>
     <span class='ocr_line' id='line_1_29' title="bbox 342 3481 1410 3563; baseline -0.005 -19"><span class='ocrx_word' id='word_1_216' title='bbox 342 3485 437 3563; x_wconf 86' lang='lat' dir='ltr'>probo</span> <span class='ocrx_word' id='word_1_217' title='bbox 448 3481 617 3560; x_wconf 78' lang='lat' dir='ltr'>iudignum,</span> <span class='ocrx_word' id='word_1_218' title='bbox 631 3493 721 3558; x_wconf 88' lang='lat' dir='ltr'>utque</span> <span class='ocrx_word' id='word_1_219' title='bbox 734 3481 823 3538; x_wconf 80' lang='lat' dir='ltr'>vitam</span> <span class='ocrx_word' id='word_1_220' title='bbox 836 3483 975 3554; x_wconf 87' lang='lat' dir='ltr'>retineas,</span> <span class='ocrx_word' id='word_1_221' title='bbox 991 3484 1085 3541; x_wconf 86' lang='lat' dir='ltr'>lacere</span> <span class='ocrx_word' id='word_1_222' title='bbox 1095 3483 1238 3558; x_wconf 82' lang='lat' dir='ltr'>jacturam</span> <span class='ocrx_word' id='word_1_223' title='bbox 1250 3483 1366 3540; x_wconf 80' lang='lat' dir='ltr'>virtutis</span> <span class='ocrx_word' id='word_1_224' title='bbox 1378 3493 1410 3540; x_wconf 88' lang='lat' dir='ltr'>et</span> 
     </span>
     <span class='ocr_line' id='line_1_30' title="bbox 342 3573 1410 3652; baseline -0.007 -15"><span class='ocrx_word' id='word_1_225' title='bbox 342 3576 511 3646; x_wconf 82' lang='lat' dir='ltr'>honestatis,</span> <span class='ocrx_word' id='word_1_226' title='bbox 524 3585 747 3652; x_wconf 85' lang='lat' dir='ltr'>propterquam</span> <span class='ocrx_word' id='word_1_227' title='bbox 759 3573 910 3634; x_wconf 88' lang='lat' dir='ltr'>colendanl</span> <span class='ocrx_word' id='word_1_228' title='bbox 925 3595 1056 3633; x_wconf 86' lang='lat' dir='ltr'>concessa</span> <span class='ocrx_word' id='word_1_229' title='bbox 1068 3575 1152 3633; x_wconf 88' lang='lat' dir='ltr'>nobis</span> <span class='ocrx_word' id='word_1_230' title='bbox 1162 3585 1206 3633; x_wconf 83' lang='lat' dir='ltr'>est</span> <span class='ocrx_word' id='word_1_231' title='bbox 1215 3575 1284 3632; x_wconf 82' lang='lat' dir='ltr'>vite.</span> <span class='ocrx_word' id='word_1_232' title='bbox 1299 3573 1359 3644; x_wconf 84' lang='lat' dir='ltr'>Qui</span> <span class='ocrx_word' id='word_1_233' title='bbox 1369 3575 1410 3630; x_wconf 86' lang='lat' dir='ltr'>ob</span> 
     </span>
     <span class='ocr_line' id='line_1_31' title="bbox 343 3665 1410 3746; baseline -0.006 -17"><span class='ocrx_word' id='word_1_234' title='bbox 343 3692 394 3730; x_wconf 88' lang='lat' dir='ltr'>sua</span> <span class='ocrx_word' id='word_1_235' title='bbox 413 3667 520 3746; x_wconf 74' lang='lat' dir='ltr'>flagitia</span> <span class='ocrx_word' id='word_1_236' title='bbox 537 3678 662 3724; x_wconf 87' lang='lat' dir='ltr'>mortem</span> <span class='ocrx_word' id='word_1_237' title='bbox 682 3679 724 3724; x_wconf 89' lang='lat' dir='ltr'>est</span> <span class='ocrx_word' id='word_1_238' title='bbox 742 3667 940 3738; x_wconf 87' lang='lat' dir='ltr'>commeritus,</span> <span class='ocrx_word' id='word_1_239' title='bbox 957 3667 1017 3744; x_wconf 81' lang='lat' dir='ltr'>jam</span> <span class='ocrx_word' id='word_1_240' title='bbox 1036 3665 1153 3744; x_wconf 84' lang='lat' dir='ltr'>periisse</span> <span class='ocrx_word' id='word_1_241' title='bbox 1171 3666 1327 3725; x_wconf 88' lang='lat' dir='ltr'>censendus</span> <span class='ocrx_word' id='word_1_242' title='bbox 1345 3675 1410 3738; x_wconf 87' lang='lat' dir='ltr'>est;</span> 
     </span>
    </p>
   </div>
   <div class='ocr_carea' id='block_1_5' title="bbox 234 3759 1409 3838">
    <p class='ocr_par' dir='ltr' id='par_1_6' title="bbox 234 3759 1409 3838">
     <span class='ocr_line' id='line_1_32' title="bbox 234 3759 1409 3838; baseline -0.005 -17"><span class='ocrx_word' id='word_1_243' title='bbox 234 3774 236 3786; x_wconf 92' lang='lat'>&#39;</span> <span class='ocrx_word' id='word_1_244' title='bbox 343 3764 433 3821; x_wconf 87' lang='lat' dir='ltr'>immo</span> <span class='ocrx_word' id='word_1_245' title='bbox 446 3760 566 3838; x_wconf 87' lang='lat' dir='ltr'>perinde</span> <span class='ocrx_word' id='word_1_246' title='bbox 577 3760 719 3831; x_wconf 79' lang='lat' dir='ltr'>sehabet,</span> <span class='ocrx_word' id='word_1_247' title='bbox 734 3781 766 3817; x_wconf 83' lang='lat' dir='ltr'>ac</span> <span class='ocrx_word' id='word_1_248' title='bbox 778 3761 803 3818; x_wconf 86' lang='lat' dir='ltr'>si</span> <span class='ocrx_word' id='word_1_249' title='bbox 813 3760 871 3834; x_wconf 84' lang='lat' dir='ltr'>jam</span> <span class='ocrx_word' id='word_1_250' title='bbox 885 3771 1099 3818; x_wconf 88' lang='lat' dir='ltr'>essetmortuus</span> <span class='ocrx_word' id='word_1_251' title='bbox 1104 3759 1254 3837; x_wconf 75' lang='grc' dir='ltr'><strong>,φιιιιιιιίι</strong></span> <span class='ocrx_word' id='word_1_252' title='bbox 1265 3759 1409 3817; x_wconf 87' lang='lat' dir='ltr'>ostreisin</span> 
     </span>
    </p>
   </div>
   <div class='ocr_carea' id='block_1_6' title="bbox 342 3851 1412 4298">
    <p class='ocr_par' dir='ltr' id='par_1_7' title="bbox 342 3851 1410 4019">
     <span class='ocr_line' id='line_1_33' title="bbox 342 3851 1410 3931; baseline -0.003 -19"><span class='ocrx_word' id='word_1_253' title='bbox 342 3855 472 3913; x_wconf 85' lang='lat' dir='ltr'>Lucrino</span> <span class='ocrx_word' id='word_1_254' title='bbox 488 3851 553 3909; x_wconf 90' lang='lat' dir='ltr'>lacu</span> <span class='ocrx_word' id='word_1_255' title='bbox 571 3851 608 3908; x_wconf 89' lang='lat' dir='ltr'>ad</span> <span class='ocrx_word' id='word_1_256' title='bbox 629 3863 759 3909; x_wconf 86' lang='lat' dir='ltr'>montem</span> <span class='ocrx_word' id='word_1_257' title='bbox 780 3855 909 3910; x_wconf 85' lang='lat' dir='ltr'>Gaurum</span> <span class='ocrx_word' id='word_1_258' title='bbox 930 3855 1018 3929; x_wconf 86' lang='lat' dir='ltr'>captis</span> <span class='ocrx_word' id='word_1_259' title='bbox 1038 3865 1185 3925; x_wconf 80' lang='lat' dir='ltr'>vescatur,</span> <span class='ocrx_word' id='word_1_260' title='bbox 1208 3863 1239 3910; x_wconf 90' lang='lat' dir='ltr'>et</span> <span class='ocrx_word' id='word_1_261' title='bbox 1253 3851 1410 3931; x_wconf 77' lang='lat' dir='ltr'>unguentis</span> 
     </span>
     <span class='ocr_line' id='line_1_34' title="bbox 345 3942 971 4019; baseline -0.003 -17"><span class='ocrx_word' id='word_1_262' title='bbox 345 3946 442 4003; x_wconf 79' lang='lat' dir='ltr'>Cosam</span> <span class='ocrx_word' id='word_1_263' title='bbox 453 3955 530 4002; x_wconf 89' lang='lat' dir='ltr'>totus</span> <span class='ocrx_word' id='word_1_264' title='bbox 541 3942 733 4019; x_wconf 82' lang='lat' dir='ltr'>perfundatur</span> <span class='ocrx_word' id='word_1_265' title='bbox 744 3964 777 4001; x_wconf 88' lang='lat' dir='ltr'>ac</span> <span class='ocrx_word' id='word_1_266' title='bbox 788 3942 908 4001; x_wconf 81' lang='lat' dir='ltr'>diffluat</span> <span class='ocrx_word' id='word_1_267' title='bbox 968 3979 971 3984; x_wconf 87' lang='lat'>-</span> 
     </span>
    </p>

    <p class='ocr_par' dir='ltr' id='par_1_8' title="bbox 342 4034 1412 4298">
     <span class='ocr_line' id='line_1_35' title="bbox 387 4034 1412 4112; baseline 0 -20"><span class='ocrx_word' id='word_1_268' title='bbox 387 4037 435 4108; x_wconf 87' lang='lat'>87.</span> <span class='ocrx_word' id='word_1_269' title='bbox 451 4034 568 4107; x_wconf 87' lang='lat' dir='ltr'>Quum</span> <span class='ocrx_word' id='word_1_270' title='bbox 560 4054 591 4090; x_wconf 89' lang='grc' dir='ltr'>ιιι</span> <span class='ocrx_word' id='word_1_271' title='bbox 602 4054 783 4111; x_wconf 81' lang='lat' dir='ltr'>provinciam</span> <span class='ocrx_word' id='word_1_272' title='bbox 793 4046 837 4093; x_wconf 92' lang='lat' dir='ltr'>tot</span> <span class='ocrx_word' id='word_1_273' title='bbox 847 4035 923 4094; x_wconf 72' lang='lat' dir='ltr'>votis</span> <span class='ocrx_word' id='word_1_274' title='bbox 933 4037 1086 4112; x_wconf 73' lang='lat' dir='ltr'>expetitam</span> <span class='ocrx_word' id='word_1_275' title='bbox 1096 4055 1277 4112; x_wconf 80' lang='lat' dir='ltr'>perveneris</span> <span class='ocrx_word' id='word_1_276' title='bbox 1287 4051 1412 4109; x_wconf 81' lang='lat' dir='ltr'>eamque</span> 
     </span>
     <span class='ocr_line' id='line_1_36' title="bbox 346 4125 1410 4203; baseline -0.003 -17"><span class='ocrx_word' id='word_1_277' title='bbox 346 4127 502 4203; x_wconf 84' lang='lat' dir='ltr'>susceperis</span> <span class='ocrx_word' id='word_1_278' title='bbox 520 4127 819 4201; x_wconf 82' lang='lat' dir='ltr'>administrandam,</span> <span class='ocrx_word' id='word_1_279' title='bbox 810 4147 860 4186; x_wconf 80' lang='lat' dir='ltr'>rra</span> <span class='ocrx_word' id='word_1_280' title='bbox 878 4128 976 4187; x_wconf 77' lang='lat' dir='ltr'>frenos</span> <span class='ocrx_word' id='word_1_281' title='bbox 994 4139 1024 4186; x_wconf 90' lang='lat' dir='ltr'>et</span> <span class='ocrx_word' id='word_1_282' title='bbox 1042 4129 1167 4187; x_wconf 75' lang='lat' dir='ltr'>avaritie</span> <span class='ocrx_word' id='word_1_283' title='bbox 1182 4127 1308 4186; x_wconf 72' lang='lat' dir='ltr'>sedulo*</span> <span class='ocrx_word' id='word_1_284' title='bbox 1298 4125 1410 4200; x_wconf 81' lang='lat' dir='ltr'>iniice;</span> 
     </span>
     <span class='ocr_line' id='line_1_37' title="bbox 342 4219 1406 4298; baseline -0.004 -17"><span class='ocrx_word' id='word_1_285' title='bbox 342 4221 488 4281; x_wconf 89' lang='lat' dir='ltr'>sociorum</span> <span class='ocrx_word' id='word_1_286' title='bbox 497 4219 625 4297; x_wconf 83' lang='lat' dir='ltr'>inopiam</span> <span class='ocrx_word' id='word_1_287' title='bbox 637 4233 665 4280; x_wconf 88' lang='lat' dir='ltr'>et</span> <span class='ocrx_word' id='word_1_288' title='bbox 676 4221 846 4281; x_wconf 81' lang='lat' dir='ltr'>calamitates</span> <span class='ocrx_word' id='word_1_289' title='bbox 856 4221 1017 4280; x_wconf 87' lang='lat' dir='ltr'>misericors</span> <span class='ocrx_word' id='word_1_290' title='bbox 1028 4223 1154 4298; x_wconf 79' lang='lat' dir='ltr'>respice:</span> <span class='ocrx_word' id='word_1_291' title='bbox 1167 4221 1260 4281; x_wconf 87' lang='lat' dir='ltr'>cernis</span> <span class='ocrx_word' id='word_1_292' title='bbox 1271 4239 1351 4298; x_wconf 77' lang='lat' dir='ltr'>reges</span> <span class='ocrx_word' id='word_1_293' title='bbox 1366 4219 1406 4277; x_wconf 68' lang='lat' dir='ltr'>su</span> 
     </span>
    </p>
   </div>
   <div class='ocr_carea' id='block_1_7' title="bbox 0 0 1577 4986">
    <p class='ocr_par' dir='ltr' id='par_1_9' title="bbox 0 0 1577 4986">
     <span class='ocr_line' id='line_1_38' title="bbox 0 0 1577 4986; baseline 0 0"><span class='ocrx_word' id='word_1_294' title='bbox 0 0 1577 4986; x_wconf 95' lang='lat' dir='ltr'> </span> 
     </span>
    </p>
   </div>
  </div>
 </body>
</html>
