3122 4986
477 427 665 499 sirmi
688 431 891 526 ocravr.
1036 393 1039 402 '
1152 440 1212 521 sn

144 541 182 612 Si
197 541 308 613 lentus
322 547 418 642 pigra
427 543 583 646 'muniret
597 563 704 620 castra
718 545 864 619 dolabra.

144 652 214 744 Hie
229 668 341 724 tamen
357 671 392 724 et
405 658 575 744 Cimbros,
591 673 626 729 et
640 655 771 729 summa
784 660 934 756 pericula
947 656 1059 732 reruni
1182 735 1186 740 ,

141 764 298 858 Excipit,
315 781 350 834 et
363 765 453 835 solus
468 768 696 862 trepidantem
715 770 864 865 protegit
879 771 1020 841 Urbem.
1086 763 1092 773 i
1168 795 1218 846 250

142 873 261 967 Atque
275 873 370 961 ideo,
390 891 569 970 postquam
584 876 627 945 ad
644 878 799 947 Cimbros
815 893 1029 974 stragemque
1042 881 1217 969 volabant,

143 981 216 1068 Qui
233 1008 407 1078 nunquam
423 987 607 1081 attigerant
619 987 747 1080 majora
764 987 943 1075 cadavera,
961 991 1073 1074 corvi,

142 1096 279 1166 Nobilis
293 1113 435 1168 ornatur
448 1098 542 1170 lauro
558 1099 689 1195 collega
704 1101 861 1170 secunda.

194 1206 339 1278 Plebeiae
352 1211 537 1279 Deciorum
552 1211 689 1298 animae,
704 1210 835 1305 plebeia
849 1201 989 1280 fuerunt

141 1317 316 1387 Nomina:
333 1345 397 1413 pro
412 1321 491 1389 totis
508 1321 697 1415 legionibus
711 1321 747 1388 hi
762 1309 891 1408 tamen,
907 1337 942 1391 et
957 1346 1020 1417 pro
1170 1315 1219 1387 ἑᾶς

143 1428 317 1498 Omnibus
329 1429 476 1513 auxiliis,
493 1445 596 1524 atque
610 1432 703 1498 omni
719 1430 809 1524 pube
824 1430 961 1512 Latina,

144 1535 332 1607 Sufficiunt
348 1537 398 1608 dls
412 1538 572 1626 infernis,
586 1541 768 1634 Terraeque
781 1540 913 1632 parenti
928 1565 936 1607 :

142 1644 256 1717 Pluris
271 1647 361 1717 enim
376 1649 490 1734 Decii,
505 1674 605 1744 quam
619 1650 679 1744 qui
695 1639 929 1718 servantur'ab
939 1639 1017 1719 illis

166 1827 169 1832 ,
192 1755 325 1824 Ancilla
338 1771 436 1826 natus
452 1758 616 1843 trabeam,
632 1772 667 1826 et
682 1755 836 1825 diadema
849 1756 1003 1844 Quirini,

141 1867 189 1933 Et
203 1862 308 1944 fasces
322 1867 449 1935 meruit
465 1890 584 1962 regum
598 1865 736 1935 ultimus
751 1865 807 1934 ille
822 1866 1001 1935 bonorum.
1118 1917 1121 1922 -
1172 1859 1222 1938 »ἑο

142 1973 283 2042 Prodita
297 1974 451 2043 laxabant
465 1992 640 2070 portarum
655 1973 799 2042 claustra
815 1973 969 2067 tyrannis

142 2081 323 2153 Exsulibus
335 2084 478 2177 juvenes
495 2086 600 2177 ipsius
616 2081 780 2168 consulis,
795 2096 831 2149 ct
844 2106 930 2174 quos

138 2323 242 2371 mento
255 2313 355 2388 virga,
369 2314 394 2369 si
407 2313 490 2388 operi
502 2314 616 2388 segnius
628 2333 695 2370 curu
707 2315 785 2372 leuto
799 2313 920 2371 dolabra
932 2312 1122 2370 incumberet.
1137 2315 1218 2372 ldeiu

138 2407 193 2464 ille
203 2417 297 2462 tanen
307 2425 382 2462 unus
392 2406 596 2481 ingruentibus
607 2407 733 2462 Cimbris
739 2406 852 2478 objecit
862 2423 938 2475 sese,
947 2425 980 2462 ac
988 2407 1150 2462 Romanam
1156 2427 1218 2464 rem

139 2496 173 2552 iu
185 2513 331 2552 summum
345 2496 481 2554 timorem
493 2495 712 2570 periculumque
725 2495 879 2554 adductam
892 2495 1070 2552 sustentavit.
1091 2499 1162 2554 Fam
1177 2499 1216 2556 ob

138 2605 206 2644 rem
226 2597 380 2662 postquam
401 2585 587 2644 Cimbrorum
610 2587 688 2644 carde
710 2597 740 2643 et
759 2587 898 2663 singulae
918 2585 1012 2644 satiati
1029 2595 1097 2642 suut
1120 2589 1219 2658 corvi,

137 2679 368 2753 nunquamnlias
382 2677 470 2734 tantis
479 2689 596 2754 tamque
606 2678 735 2752 proceris
743 2678 931 2736 cadaveribus
939 2677 1027 2752 pasti,
1038 2679 1075 2747 Q.
1089 2679 1217 2748 Catulus,
1321 2697 1325 2712 ¹

139 2772 232 2829 Marii
243 2773 367 2848 collega,
377 2771 444 2828 licet
453 2771 575 2842 nobilis,
589 2770 729 2828 secundas
739 2770 772 2826 iu
782 2769 974 2845 triumphose
984 2770 1115 2828 victoriae
1124 2773 1217 2846 gloria

137 2875 237 2938 partes
252 2863 326 2920 tutis.
876 2869 882 2918 τ
923 2891 924 2896 1

142 3014 144 3020 ,
181 2955 250 3024 obt.
266 2955 374 3013 Plebeii
387 2957 467 3014 fuere
478 2957 560 3014 Decii
573 2964 654 3032 pater
668 2965 697 3012 et
708 2955 935 3030 filins3p1ebciu
944 2955 1062 3012 illorum
1076 2953 1217 3012 animaret

138 3048 260 3105 uomina
270 3071 277 3104 :
287 3049 475 3106 nihilominus
486 3049 530 3104 illi
543 3049 602 3106 duo
614 3047 790 3104 suffecerunt
801 3042 839 3104 aid
849 3047 1018 3122 placandam
1031 3048 1174 3106 Tellurem
1187 3060 1216 3103 et

138 3141 219 3196 Deos
230 3139 390 3197 inferorum
401 3141 489 3198 iratos
497 3143 629 3196 Romano
638 3137 787 3208 exercitui,
799 3133 986 3196 auxiliaribus
997 3138 1059 3210 ejus
1067 3138 1169 3213 copiis,
1182 3149 1213 3196 et

138 3232 222 3290 omni
235 3232 339 3289 Latino
354 3232 464 3308 populo
477 3255 484 3288 :
497 3233 544 3290 isti
554 3230 662 3305 quippe
671 3229 730 3286 duo
739 3225 832 3304 pluris
843 3241 927 3286 eraut
939 3229 1111 3300 aestimandi,
1125 3249 1212 3305 quarn

138 3325 266 3382 Romani
277 3325 386 3394 caeteri,
401 3325 452 3401 qui
466 3325 503 3380 ub
516 3323 678 3382 imminenti
689 3322 778 3380 exitio
790 3323 909 3380 illorum
925 3323 1031 3398 pietate
1042 3342 1076 3380 ac
1091 3323 1211 3380 fortitu·

140 3415 210 3474 dine
218 3429 286 3474 sunt
298 3417 422 3474 liberati.

181 3507 248 3584 259.
267 3509 326 3580 Qui
341 3520 457 3568 nostros
471 3509 547 3567 inter
560 3529 643 3586 reges
660 3510 769 3584 probos
777 3509 928 3584 justosque
941 3519 1072 3566 extremo
1087 3511 1154 3566 loco
1165 3529 1213 3566 ren

138 3618 231 3674 gnum
243 3601 386 3671 obtinuit,
399 3602 464 3672 ille,
483 3601 614 3677 quamvis
629 3601 731 3658 ancilla
746 3601 861 3677 genitus
875 3599 964 3671 loret,
978 3601 1016 3658 ad
1028 3602 1211 3659 banc'tamen

138 3709 281 3748 summam
289 3703 461 3766 potestatem
470 3703 653 3763 antevertus,
666 3702 696 3750 et
703 3693 789 3769 regim
801 3693 949 3770 diguitatis
959 3692 1136 3769 insiguibus,
1148 3713 1212 3769 quse

138 3784 282 3840 Romulus
292 3783 350 3840 suis
360 3783 571 3842 successoribus
582 3785 715 3842 habenda
727 3784 935 3854 transmiserat,
948 3785 1062 3854 trabea,
1073 3785 1210 3856 lascibias,

140 3894 265 3944 corona,
284 3876 390 3932 meruit
402 3878 509 3932 ornari.
524 3876 687 3952 Tarquiniis
698 3877 773 3951 patri
788 3895 819 3934 ac
833 3875 894 3934 filio
908 3879 1002 3934 Roma
1015 3875 1117 3951 pulsis,
1136 3889 1165 3934 et
1178 3879 1209 3934 in

139 3964 271 4023 exsilium
284 3966 389 4040 ejectis,
403 3968 531 4042 ejusdem
544 3968 644 4024 Roma
655 3979 754 4044 portas
767 3969 880 4044 aperire
897 3989 930 4026 ar
946 3967 1068 4045 patriam
1082 3971 1209 4044 prodere

138 4071 296 4116 statuerant
309 4059 397 4134 ipsius
410 4061 506 4129 Bruti,
520 4057 608 4134 primi
620 4061 751 4116 omnium
764 4061 907 4132 consulis,
927 4061 1123 4119 adolescentes
1141 4057 1209 4130 filii,

139 4169 212 4224 quos
226 4152 357 4228 prolecto
376 4151 515 4228 decuisset
535 4153 683 4226 egregium
701 4152 812 4227 aliquid
831 4153 928 4226 potius
947 4152 1045 4209 moliri
1064 4173 1119 4226 pro
1136 4171 1211 4209 assc-

233 4239 256 4302 l.
1023 4247 1083 4319 41⁴
