3134 4990
338 413 402 492 tto
611 408 651 472 D.
680 403 816 472 tutttt
842 401 1127 470 Juvuttauts

336 527 391 596 Sic
406 528 523 620 ingens
541 545 656 591 rerum
675 542 840 610 numerus
852 518 968 610 jubet,
985 532 1087 612 atque
1103 541 1248 612 opetum
1263 519 1325 588 hx.

335 638 420 726 Quae
437 651 550 704 tamen
566 631 645 700 inde
662 626 779 723 seges?
795 643 894 696 terrae
911 627 985 720 quis
1002 626 1136 696 fructus
1154 629 1305 723 apertae?

334 745 420 835 Quis
434 736 526 811 dabit
540 739 719 822 historico,
737 751 902 830 quantum
916 735 1013 804 daret
1028 752 1102 805 acta
1116 737 1263 830 legenti?

335 855 402 925 Sed
418 877 523 947 genus
539 851 714 945 ignavum,
732 844 825 939 quod
839 844 927 912 lecto
945 843 1069 936 gaudet
1082 859 1117 913 et
1132 848 1265 916 umbra.
1357 865 1407 916 ωε

383 964 448 1031 Dic
463 961 576 1055 igitur,
591 957 672 1052 quid
688 951 883 1026 caussidicis
898 953 1008 1022 civilia
1022 969 1182 1047 praestent

335 1075 474 1160 Officia,
489 1087 524 1141 et
536 1094 658 1163 magno
673 1067 817 1136 comites
836 1065 872 1133 in
889 1064 980 1134 fasce
995 1062 1117 1133 libelli?

333 1186 403 1280 Ipsi
419 1206 541 1276 magna
556 1193 694 1263 sonant,
710 1176 771 1246 sed
786 1191 884 1260 tunc,
904 1199 1011 1268 quum
1026 1173 1177 1242 creditor
1190 1175 1303 1260 audit,

334 1295 525 1390 Praecipue;
538 1289 594 1362 vel
610 1289 639 1358 si
654 1287 766 1382 tetigit
780 1285 865 1354 latus
881 1285 991 1353 acrior
1005 1283 1079 1372 illo,

333 1407 403 1496 Qui
417 1405 512 1474 venit
524 1402 567 1470 ad
581 1399 724 1470 dubium
739 1396 859 1492 grandi
875 1419 953 1465 cum
970 1392 1085 1464 codice
1102 1417 1238 1463 nomen.
1360 1425 1408 1462 tto

333 1519 430 1584 Tunc
447 1514 610 1582 immensa
626 1509 699 1578 cavi
713 1508 845 1602 spirant
858 1504 1034 1574 mendacia
1048 1503 1162 1590 folles,

333 1621 607 1716 conspuiturque
621 1619 736 1688 sinus:
753 1640 868 1686 veram
886 1614 1101 1709 deprendere
1117 1637 1261 1684 messem

333 1732 368 1802 Si
383 1729 482 1814 libet,
498 1728 579 1798 hinc
596 1741 734 1797 centum
751 1724 959 1820 patrimonia
978 1723 1260 1811 caussidicorum,

333 1841 433 1908 Parte
450 1837 513 1907 alia
527 1835 635 1906 solum
649 1836 770 1904 russati
784 1859 875 1929 poue
892 1836 1064 1903 Lacernae.

333 1948 529 2018 Consedere
545 1947 648 2016 duces
662 1971 670 2014 :
686 1946 796 2039 surgis
813 1960 851 2014 tu
869 1942 1011 2039 pallidus
1025 1943 1109 2036 Ajax
1360 1961 1408 2012 ιι5

246 2145 249 2150 1
335 2106 408 2164 sima
419 2116 476 2174 est,
494 2115 528 2161 ut
540 2103 639 2161 omnia
651 2103 814 2160 minutatim
828 2115 857 2160 et
867 2105 1017 2161 enucleate
1027 2105 1254 2179 perscribantur.
1271 2109 1407 2163 Attamen

334 2197 417 2273 quod
432 2195 539 2252 laboris
551 2194 625 2252 tanti
635 2195 809 2270 praemium?
822 2214 912 2268 quam
924 2195 1011 2252 affert
1024 2215 1145 2253 messem
1158 2199 1293 2254 excultus
1305 2210 1336 2255 et
1347 2219 1407 2254 ara·

333 2301 380 2346 tus
395 2299 476 2346 tauto
493 2287 601 2345 sudore
613 2287 702 2362 ageri
719 2287 791 2357 Quis
807 2287 988 2345 tantumdem
1003 2289 1142 2346 historico
1156 2289 1299 2346 mercedis
1315 2290 1408 2346 dona-

334 2380 394 2448 bit,
412 2390 553 2453 qttautum
569 2367 762 2456 praeeoni'aut
775 2377 875 2434 scribae
892 2379 971 2436 edita
985 2391 1014 2435 ot
1026 2380 1082 2435 alia
1097 2380 1128 2435 id
1145 2397 1240 2455 genus
1259 2393 1322 2437 acta
1336 2382 1407 2438 reci·

335 2470 408 2529 tanti
427 2470 528 2527 daret?
548 2473 589 2527 At
610 2471 703 2540 enim,
728 2470 859 2544 inquies,
891 2470 1023 2527 historici
1044 2484 1111 2528 sunt
1140 2489 1231 2546 genus
1255 2473 1408 2529 bominum

335 2565 461 2620 ouosum
471 2580 505 2617 ac
514 2561 612 2630 desem
623 2580 653 2618 se
666 2562 697 2617 in
708 2563 783 2618 lecto
794 2574 823 2618 at
835 2563 865 2617 in
878 2581 1033 2618 nemorum
1045 2565 1151 2620 umbra
1162 2565 1218 2620 laeti
1231 2566 1393 2622 continent.

377 2653 444 2712 106.
466 2656 536 2710 Esto
553 2671 637 2722 aane;
660 2652 711 2708 sed
730 2652 912 2722 caussidicis,
930 2653 1098 2710 bominibus
1116 2655 1218 2729 utique
1238 2657 1409 2730 laboriosis,

223 2789 225 2796 ,
336 2747 424 2816 cedo,
442 2746 515 2820 quid
529 2745 655 2801 asserant
669 2744 800 2803 utilitatis
815 2761 921 2798 caussae
935 2761 1009 2817 quas
1023 2757 1114 2820 agunt
1127 2746 1158 2800 in
1173 2746 1253 2816 foro,
1270 2759 1301 2802 et
1316 2749 1410 2804 litium

316 2909 319 2916 ι
335 2837 468 2894 tractatio
479 2834 693 2905 molestissima?
705 2832 784 2903 Quid
792 2852 842 2890 eos
850 2835 933 2907 juvat
943 2832 1058 2892 deferre
1066 2853 1162 2892 secum
1174 2849 1203 2893 at
1211 2837 1324 2894 babere
1332 2857 1409 2895 sem-

334 2948 388 3005 per
403 2929 435 2984 iu
449 2928 588 2985 comitatu
600 2927 734 2982 collectos
748 2925 779 2981 iu
793 2925 899 2981 fascem
914 2925 1045 2994 libellos,
1061 2938 1091 2982 et
1106 2929 1310 3004 praegrandem
1325 2931 1411 2987 cbar-

334 3033 429 3077 tarum
437 3018 596 3076 sarcinam?
609 3016 697 3073 Vides
706 3028 815 3090 quauta
826 3018 1235 3091 contentione-vociferentur,
1249 3023 1409 3095 praesertim

333 3111 358 3168 si
367 3129 493 3168 caussam
502 3121 591 3185 agant
598 3109 762 3179 creditoris,
769 3109 821 3184 qui
832 3127 849 3164 a
859 3108 993 3166 debitore
999 3127 1135 3168 nummos
1143 3125 1292 3188 reposcat,
1301 3115 1411 3188 quique

333 3222 459 3278 praesens
468 3201 619 3277 injudicio
633 3199 721 3272 adsit;
735 3203 780 3256 vel
792 3201 815 3256 si
828 3201 961 3258 stimulos
976 3201 1031 3257 illis
1045 3202 1130 3258 etiam
1144 3204 1274 3260 acriores
1288 3205 1410 3274 subdat,

333 3296 465 3368 latusque
475 3291 672 3350 vehementius
682 3303 787 3366 urgeat
798 3291 933 3363 debitor,
948 3295 1024 3350 male
1042 3295 1182 3369 scriptum
1199 3295 1410 3356 nomendene-

335 3404 421 3463 gans,
432 3395 461 3441 et
471 3401 609 3460 magnum
620 3384 749 3440 codicem
760 3394 885 3459 acceptae
897 3403 1089 3460 expensasque
1102 3388 1232 3462 pecuniae
1244 3391 1409 3463 profereus.

336 3480 420 3534 Tunc
432 3477 584 3551 pulmones
597 3495 630 3532 ae
643 3475 738 3532 fauces
750 3487 887 3550 tanquam
900 3495 986 3534 cavos
996 3479 1078 3535 folles
1087 3479 1208 3552 inflant,
1220 3492 1249 3538 et
1261 3483 1406 3540 labantem

333 3567 512 3642 dubiamque
534 3584 663 3623 caussam
682 3567 783 3624 fulcire
803 3568 964 3626 mendaciis
984 3570 1055 3626 dum
1079 3572 1231 3643 laborant,
1252 3593 1357 3648 spuma
1380 3587 1408 3632 et

332 3661 425 3735 sputis
443 3659 587 3738 gremium
602 3677 700 3730 suum,
721 3671 819 3717 tantus
839 3673 883 3717 est
905 3661 1021 3718 dicendi
1036 3662 1143 3733 ardor,
1167 3665 1299 3740 implent.
1326 3671 1406 3742 Age,

333 3754 405 3828 qaid
423 3754 536 3828 praemii
553 3752 743 3810 nihilominus
761 3753 1001 3827 consequuntur?
1021 3755 1063 3811 Ut
1080 3756 1137 3810 boc
1153 3757 1316 3833 intelligas,
1332 3779 1405 3816 con-

332 3862 400 3918 gere
411 3846 443 3901 iu
454 3847 574 3902 alteram
583 3845 671 3902 veluti
681 3846 792 3901 lancem
800 3857 916 3901 cautum
926 3845 1154 3902 caussidicorum
1164 3847 1300 3906 fortuma
1311 3864 1341 3906 et
1351 3869 1404 3907 an-

331 3955 405 3994 nuos
415 3951 587 4012 proventum
603 3939 767 3996 institeram
783 3939 868 3994 unius
882 3941 1030 4009 hamne,
1045 3957 1061 3995 e
1076 3954 1186 3998 russata
1203 3943 1331 4002 factione
1346 3965 1400 4002 au-

331 4026 416 4101 riga,
428 4030 649 4102 patrimonium:
664 4032 720 4086 hoc
731 4030 927 4106 praegravabit
940 4049 973 4086 ae
984 4033 1232 4107 praeponderabit.
1249 4039 1354 4095 Prodis
1371 4039 1401 4094 iu

332 4119 442 4190 iorum,
452 4133 574 4194 patrone
585 4123 697 4194 iniciix3
709 4123 808 4185 sedent
816 4121 941 4196 judices,
957 4123 1051 4197 surgis
1064 4125 1102 4181 ad
1113 4125 1274 4188 dicendam
1283 4131 1396 4200 auxius,
