3108 4986
318 411 379 496 t98
462 403 633 470 VARIAE
663 403 957 466 LECTIONES
988 403 1052 466 ET
1081 403 1233 470 NOTAE

349 521 417 573 Nor.
442 518 507 584 145,
524 520 583 579 146.
599 515 718 590 Pauper,
733 531 813 588 quom
825 515 907 569 sames
921 527 1008 584 urget,
1022 519 1149 587 cujusque
1162 534 1274 587 presens
1286 514 1386 566 malurn

315 604 396 657 fatuari
416 613 513 654 metum
532 597 631 664 vincit,
651 598 686 653 ad
705 597 819 671 perjuria
840 599 949 670 pronior
962 617 1035 664 esse,
1050 610 1075 650 et
1092 599 1155 652 hinc
1168 598 1231 652 deos
1241 611 1387 669 eorumque

315 688 382 741 iram
400 705 429 738 ac
445 701 533 756 poenas
546 683 634 736 minus
648 683 739 735 timere
752 679 869 733 creditur
881 679 1007 734 divitibus
1020 702 1026 732 :
1042 682 1086 734 Dii
1099 679 1205 754 quoque
1217 683 1267 755 ipsi
1284 679 1387 734 facilius

315 771 594 858 ignoscervutantur,
605 763 678 836 quod
690 764 841 817 necessitate
852 763 948 834 magis,
960 781 1039 835 quarn
1052 764 1218 835 improbitate
1227 763 1385 837 peccaverit.

316 851 415 906 Bahrdt
426 851 496 902 hanc
507 861 589 920 poete
605 860 717 901 mentem
732 845 812 900 fuisse
824 847 950 920 putabat:
971 847 1015 899 Dii
1032 863 1085 899 non
1103 861 1196 902 curant
1213 849 1353 920 injuriam,
1373 866 1388 898 a

316 933 444 988 mendicis
456 933 606 1003 ultimaque
620 931 696 986 sortis
710 931 862 984 bominibus
876 930 926 982 sibi
945 931 1060 996 illatam
1079 930 1125 982 sed
1141 929 1224 985 divite
1236 935 1388 1004 pejerante,

316 1017 424 1070 ambitio
441 1031 534 1067 eorum
551 1027 576 1068 et
592 1015 630 1066 ira
645 1026 787 1066 moretur:
807 1014 870 1065 binc
890 1029 1019 1085 pauperes
1032 1017 1149 1087 pejerare
1162 1013 1320 1077 creduntur,
1339 1029 1389 1064 nec

317 1099 381 1154 deos
393 1099 499 1150 timere.

351 1245 419 1291 Van.
441 1252 498 1303 147.
508 1240 651 1302 Materiem,
666 1240 938 1305 ar.-Caussamque,
955 1255 1001 1299 ar,
1014 1257 1055 1288 aa.

353 1341 420 1389 Van.
442 1347 498 1401 ¹⁴9·
510 1336 536 1384 Si
543 1348 628 1401 nepta,
641 1338 683 1384 26.
694 1363 728 1372 -
740 1335 841 1384 Calceus
854 1336 920 1382 alter
929 1336 968 1382 vel
981 1335 1031 1382 aue
1044 1338 1109 1396 conj.
1121 1335 1247 1386 Schrader.

353 1435 421 1481 Van.
443 1433 499 1480 150.
513 1433 604 1478 Patet:
615 1430 637 1478 si
647 1439 747 1478 consuto
761 1432 792 1478 de
805 1430 924 1492 vulnere,
938 1443 981 1478 aa.

350 1533 420 1580 Vn.
443 1532 577 1586 151.Aue‚
598 1523 699 1587 iliis·

356 1624 424 1675 Nor.
448 1623 496 1684 148
514 1639 570 1692 seq.
585 1619 696 1673 Casaub.
711 1618 896 1690 ad'l'heophr.
912 1619 991 1672 Char.
1009 1619 1092 1682 XIX,
1105 1619 1120 1668 3
1133 1639 1140 1672 :
1157 1645 1168 1666 ι
1178 1619 1337 1684 Veteribus,
1351 1619 1395 1672 iu·

321 1706 395 1778 quit,
415 1703 443 1755 in
464 1704 521 1755 loro
538 1702 648 1755 honeste
667 1702 757 1756 vestiri
776 1701 856 1753 moris
877 1691 949 1766 era't,
970 1700 1043 1754 domi
1058 1701 1129 1773 quod
1143 1703 1203 1756 satie
1216 1715 1302 1754 esset:
1322 1701 1395 1754 aliud

322 1788 393 1840 euim
405 1785 528 1850 bomini,
545 1783 616 1838 aliud
629 1783 787 1838 humanitati
800 1784 862 1836 satis
876 1801 932 1836 esse
944 1785 1098 1846 censebant,
1116 1797 1147 1836 ut
1158 1786 1195 1836 ait
1205 1787 1300 1837 Varro.
1313 1785 1393 1838 cont.

322 1871 436 1933 Seneca,
450 1867 533 1940 Epist.
547 1865 580 1933 93
591 1888 598 1932 ς
612 1867 754 1920 Suetonius
765 1865 792 1918 in
803 1869 871 1936 Aug.
886 1865 935 1934 733
951 1864 1108 1920 Plutarchus
1119 1867 1146 1918 in
1157 1867 1237 1920 Sulis.
1249 1867 1303 1932 Qui
1315 1866 1397 1937 igitur

324 1951 392 2006 fode
406 1949 492 2003 vestiti
506 1949 533 2002 in
546 1949 683 2020 publicum
696 1947 849 2020 prodirent,
869 1946 932 2000 odio
945 1961 1017 2002 errat
1037 1961 1062 2001 et
1080 1949 1179 2002 irrisui.
1192 1971 1204 1994 ι
1222 1977 1257 1990 -
1272 1953 1317 2000 Hic
1329 1951 1395 1999 idern

322 2051 435 2106 pauper,
447 2035 470 2082 si
473 2034 550 2101 suda
553 2071 606 2085 .....
616 2036 684 2101 pelle
690 2045 763 2102 patet
776 2053 786 2082 .-
806 2044 958 2104 cntnpuraut
970 2031 1134 2098 Martialem,
1148 2033 1179 2097 l,
1195 2038 1262 2098 rod,
1276 2033 1309 2097 5,
1323 2035 1340 2082 6
1351 2071 1360 2096 ,
1371 2041 1398 2083 et

324 2117 482 2180 Horatium,
501 2115 555 2167 Sat.
574 2115 605 2178 Ι,
622 2114 656 2181 3,
678 2113 726 2178 31,
747 2117 965 2175 3=.-t·atceu,
983 2113 1038 2167 rid.
1058 2113 1091 2166 ad
1102 2115 1170 2177 vti,
1186 2131 1253 2182 ιρι,
1273 2117 1396 2178 uulnere,

325 2211 449 2271 ruptura,
462 2197 542 2261 rima,
555 2197 660 2263 flaura,
673 2210 703 2250 ut
713 2196 784 2270 apud
795 2197 884 2250 Valer.
897 2197 984 2250 Flacc.
1000 2197 1069 2263 680,
1084 2198 1130 2250 ubi
1141 2197 1196 2251 vid.
1211 2198 1398 2250 Burmann.—

328 2282 576 2343 Cicatriarstartttrtt.

362 2375 431 2427 Nor.
455 2371 595 2437 152‚153.
616 2373 775 2444 comparant
788 2373 845 2439 xl,
866 2388 898 2438 a,
921 2371 955 2439 3;
977 2373 1062 2426 Plaut.
1084 2371 1167 2426 Stich.
1183 2373 1213 2438 1,
1228 2377 1261 2440 3,
1276 2393 1309 2426 so
1321 2391 1397 2444 seq.;

327 2460 418 2511 Horat.
436 2454 488 2509 Od.
509 2455 566 2520 Ill,
584 2463 632 2522 ad,
653 2462 703 2520 dr,
725 2455 773 2522 43,
794 2469 819 2508 et
836 2473 894 2528 quse
914 2457 1004 2510 Crates
1022 2457 1142 2510 'co'micus
1167 2458 1238 2531 apud
1260 2458 1334 2510 Stob.
1359 2457 1397 2510 tit.

328 2529 418 2593 vesias
430 2529 520 2605 ψίγος
530 2533 596 2588 dixit
608 2555 614 2590 :

552 2618 608 2667 Ουἰι
621 2606 674 2685 'iris
689 2605 780 2672 vtrt‘es·
792 2605 864 2668 otidis
880 2609 1025 2686 ι’θλιήιροι

544 2692 582 2746 'Es
598 2696 634 2766 τᾷ
650 2687 699 2764 βίᾳ
716 2689 871 2764 ον’μψμ
886 2691 929 2748 ursi
946 2687 997 2768 γὴ
1014 2685 1043 2747 ris
1057 2688 1130 2763 pleat

547 2765 693 2830 ursulam
707 2761 750 2851 ᾗς,
766 2769 844 2834 πίνης
858 2766 903 2837 dl,
917 2769 1067 2842 ιηᾶγελυς
1078 2768 1130 2848 iq.

329 2859 407 2912 Coai.
420 2857 553 2911 wetsten.
567 2857 601 2911 ad
613 2853 707 2909 Matth.
724 2857 758 2922 5,
773 2858 807 2924 3,
822 2869 848 2910 et
860 2858 927 2910 intra
939 2858 975 2924 V,
991 2859 1055 2928 157,
1070 2857 1128 2911 158.

364 2955 433 3007 Nor.
455 2951 503 3006 153
516 2971 571 3024 seq.
588 2951 665 3006 Cous.
677 2951 791 3024 Martini.
801 2953 838 3019 V,
853 2953 901 3019 26,
916 2953 950 3006 al.
965 2953 1016 3020 25,
1031 2953 1065 3007 de
1077 2951 1257 3008 Chaeresuato.
1272 2951 1401 3010 Homines

330 3036 364 3091 ad
374 3036 488 3110 inopiam
499 3037 599 3090 redacti
611 3038 687 3090 etiam
697 3035 803 3112 publice
811 3036 899 3089 irrisui
908 3043 968 3090 aunt
979 3077 985 3100 ‚
1000 3035 1067 3090 etde
1078 3038 1136 3090 loeo
1145 3024 1311 3100 honestiore,
1320 3054 1399 3112 quem

330 3123 394 3176 olim
406 3107 620 3192 occupaverant,
632 3139 702 3174 nunc
714 3120 883 3194 dejiciuntur.
900 3151 936 3160 -
949 3119 1045 3188 Inquit,
1064 3122 1164 3175 scilicet
1176 3121 1325 3192 designator
1332 3163 1340 3187 ‚
1354 3123 1400 3196 qui

331 3208 359 3259 in
370 3205 439 3258 ludis
450 3205 657 3275 spectaculisque
665 3203 765 3257 ordinis
776 3220 866 3255 curam
877 3203 943 3274 agit,
956 3216 981 3256 et
991 3203 1075 3256 cuivis
1085 3223 1163 3257 suum
1172 3203 1290 3275 designat
1300 3206 1399 3258 locum.

332 3287 383 3342 Sed
403 3287 467 3340 dura
486 3299 525 3339 est
542 3288 640 3360 ellipsis
653 3288 711 3342 talis
723 3287 849 3358 subjecti,
869 3298 895 3338 et
912 3287 955 3338 rel
974 3286 1114 3357 legendum
1128 3289 1225 3355 unquis,
1238 3290 1348 3354 laquata,
1363 3291 1402 3338 in.

333 3373 430 3444 quiunt,
439 3388 494 3442 quo
504 3381 590 3423 tamen
601 3390 678 3424 sensu
687 3389 740 3424 non
751 3371 805 3422 sere
815 3368 971 3434 adhibetur,
984 3371 1034 3422 nisi
1046 3389 1128 3442 quum
1139 3369 1240 3443 aliquid
1252 3389 1283 3422 ex
1292 3370 1407 3424 adverso

333 3453 409 3507 nobis
421 3452 502 3524 objici
511 3453 655 3523 tingimua3
670 3452 724 3505 vid.
739 3451 772 3504 ad
786 3452 830 3518 X,
847 3469 909 3519 ²9¹·

367 3548 437 3599 Nor.
461 3546 606 3613 rba-159.
628 3547 706 3600 Conf.
721 3547 829 3600 omnino
846 3547 915 3599 intra
936 3545 969 3600 ad
989 3547 1065 3616 XIV,
1084 3548 1232 3604 tat-326.
1244 3579 1280 3590 -
1291 3553 1406 3602 Excute

333 3625 542 3704 quatuordecim.
555 3659 591 3670 ·-
601 3633 703 3682 Pulvino
714 3633 835 3700 equestri:
849 3629 965 3702 Caligula
978 3632 1079 3704 primus
1089 3634 1266 3698 senatoribus,
1282 3651 1316 3684 ue
1324 3630 1406 3686 nudis

333 3711 463 3766 asseribus
481 3708 640 3778 insiderent,
660 3712 784 3786 pulvillos
803 3713 933 3768 substerni
950 3714 1044 3788 juarit3
1066 3715 1146 3786 idque
1165 3729 1253 3788 postea
1272 3715 1406 3788 equitibus

334 3795 413 3847 etiam
425 3811 577 3850 concessum
588 3793 701 3854 ridetur.
716 3795 793 3848 Cori.
808 3797 882 3870 lips.
897 3795 931 3850 de
943 3795 1081 3870 Amphitb.
1095 3815 1153 3869 cap.
1171 3797 1210 3852 1³.
1226 3827 1260 3840 -
1278 3800 1351 3865 Caesus
1369 3815 1407 3848 m

337 3875 471 3929 familiaris
485 3895 533 3926 non
545 3879 636 3950 sufficit
648 3879 697 3946 legi
702 3915 710 3943 ,
724 3896 778 3930 non
792 3891 862 3933 tanta
876 3893 932 3947 est,
946 3893 1043 3952 quauta
1053 3881 1132 3934 debet
1142 3899 1197 3938 csse
1208 3880 1344 3953 equitum,
1363 3898 1406 3932 se·

336 3959 453 4024 cundum
467 3960 550 4031 legem
563 3959 716 4014 theatralem
728 3962 816 4015 Roscii
831 3963 948 4030 Othonis,
965 3963 1001 4018 de
1014 3983 1066 4036 qua
1079 3963 1133 4018 vid.
1147 3963 1180 4016 ud
1191 3964 1269 4030 XIV,
1283 3961 1334 4014 323
1349 3981 1406 4034 seq.

336 4041 464 4094 —Nemo
477 4043 596 4115 equitum
607 4043 719 4114 gradum
730 4044 850 4098 obtinere
861 4057 979 4118 poterat,
991 4047 1042 4099 nisi
1055 4047 1102 4118 qui
1116 4045 1207 4100 CCCC
1221 4046 1255 4097 Η.
1271 4045 1299 4098 S.
1314 4061 1407 4098 cense-

338 4139 419 4194 retur.
434 4125 486 4178 Eo.
495 4134 657 4181 -Lenanum
665 4131 749 4196 pueri,
760 4131 883 4194 praeconis
888 4131 972 4200 filias,
986 4141 1012 4184 et
1016 4132 1119 4196 juvenes
1130 4131 1227 4182 lanista
1235 4133 1287 4192 ue,
1301 4129 1329 4192 ia
1340 4145 1407 4200 qua·
