3056 4984
126 407 131 418 ·
226 397 1096 503 VAR.LECT10N.EtNOT.1NsAT1R.V1.
1131 440 1193 511 385

128 507 201 568 meir.
213 512 255 565 rel
263 515 386 569 mollibus
391 520 511 590 stragulis
516 535 601 586 unam,
613 525 719 592 lectum,
724 534 881 590 sternebant.
887 569 923 579 -·
930 543 1193 621 Vicinammfimmm‚

126 611 185 662 quar
195 595 289 648 eadem
299 597 326 650 in
336 601 417 672 sylvis
428 615 453 654 et
460 603 544 658 vicina
552 605 683 663 habehant
693 613 809 670 latibula.
822 619 921 681 Ovium
929 639 954 679 et
964 648 1101 702 caprarum
1110 658 1117 691 :
1128 641 1194 702 lorte

126 677 221 730 melina
230 677 337 733 leonum
347 695 371 735 et
381 683 521 755 tigridum,
536 702 566 742 ut
577 693 727 748 ostendatur
737 699 856 770 priorum
867 703 1005 764 hominurn
1016 717 1114 786 robur;
1125 725 1191 781 Ach,

160 771 230 826 Nor.
251 793 268 844 7
278 793 335 848 sqq.
348 777 444 832 Mulier
454 780 496 834 illa
508 796 690 841 montenanon
702 803 757 844 erat
766 797 851 851 mollio
861 813 887 854 et
899 802 1023 875 delicata,
1036 815 1081 867 sed
1092 816 1156 874 dure
1169 837 1194 878 et

125 851 243 910 horrida.
258 859 299 912 Cl.
313 860 418 917 Lueret.
431 865 466 929 V,
478 865 530 932 92³
542 886 600 941 sqq.
614 875 716 935 cynthia
728 879 813 948 puella
823 901 856 948 ,a
870 883 1007 958 Propertio
1015 910 1193 976 amata,cujus

125 953 219 992 rernm
230 959 327 995 nomen
342 944 431 998 Hostia
444 961 513 1014 eret,
527 962 552 1003 et
564 971 622 1024 que
636 955 715 1008 modo
728 957 814 1028 huno,
827 965 906 1019 modo
919 969 994 1026 illum
1006 982 1117 1036 amabat.
1129 985 1192 1043 vid,

124 1018 214 1076 Barth.
228 1023 256 1076 in
266 1024 329 1079 edit.
343 1027 461 1101 Propert.
472 1051 499 1100 p.
512 1034 546 1104 78
556 1053 613 1108 rqq.
626 1049 652 1090 et
663 1038 723 1094 368.

160 1178 227 1228 vn.
247 1184 271 1231 e.
287 1183 420 1244 rannac,
433 1190 474 1238 2⁸.
489 1189 604 1255 ramo
615 1197 680 1256 maj.
691 1197 808 1250 sumu
820 1215 844 1251 er
854 1205 980 1262 sennen.
990 1229 997 1274 ;
1007 1219 1075 1280 quor
1084 1231 1108 1269 et
1119 1211 1208 1279 noun

125 1257 153 1306 in
166 1272 273 1311 mentem
287 1266 362 1314 veuit.
374 1267 425 1315 Sed
436 1270 530 1336 vulgata
541 1289 639 1339 qnoque
650 1277 723 1330 lectio
736 1281 803 1332 hand
815 1292 960 1350 spernenda.
1151 1297 1160 1334 l

159 1349 226 1406 Nor.
246 1355 272 1408 8.
285 1357 443 1430 Detigmmr
457 1365 558 1424 Lesbia,
575 1368 657 1422 amica
673 1371 768 1427 camni
781 1392 883 1449 poete,
903 1403 963 1457 qne
978 1409 1069 1467 propr.
1082 1399 1192 1456 Claudia

125 1435 276 1500 vocabatur,
289 1453 315 1492 et
326 1455 437 1496 mortem
443 1450 556 1511 passeris
566 1448 612 1502 diu
626 1453 791 1529 multumque
802 1461 923 1521 deflebat.
938 1471 1016 1528 Conl.
1032 1479 1125 1535 Catuli.
1138 1487 1192 1554 111,

127 1517 171 1580 18;
184 1517 219 1571 al.
234 1519 347 1576 Martini.
363 1524 434 1593 Vll,
457 1532 498 1580 13.
511 1559 547 1570 —
561 1533 633 1597 Cujus
646 1541 787 1602 exstinctus,
802 1559 938 1618 mortuus,
954 1575 1053 1621 poster,
1072 1562 1124 1618 hoc
1136 1581 1192 1636 at,

123 1599 167 1651 cui
184 1619 256 1656 mort
272 1607 384 1675 proteris
401 1613 489 1662 ocellos
505 1615 624 1676 turbavit,
639 1612 814 1689 contristavit,
826 1631 897 1699 quod
912 1636 1022 1691 verbum
1034 1661 1049 1694 a
1062 1646 1136 1714 carlo,
1151 1653 1193 1705 vel

123 1681 206 1750 utari,
220 1686 306 1738 ventis
319 1689 436 1753 turbato,
450 1691 483 1744 ad
494 1693 611 1747 animum
625 1699 780 1773 vultumque
792 1713 953 1769 transfertur.
969 1719 1046 1775 conl.
1061 1725 1151 1785 Heina.
1167 1747 1194 1787 et

123 1759 215 1833 Heyue
226 1763 263 1817 ad
280 1765 356 1838 Virg.
373 1771 479 1824 AEneid.
494 1772 524 1823 Ν
528 1773 585 1838 ΙΙΙ,
600 1774 659 1827 2¹3.
675 1778 759 1835 Grec.
772 1791 896 1856 νυιιιφοῧν
907 1785 1019 1864 itenere
1032 1809 1194 1881 comparavit

122 1841 219 1916 Grang.
231 1875 267 1886 —
275 1851 377 1913 ocellos,
390 1851 494 1919 blande,
504 1867 530 1908 et
541 1855 575 1909 de
583 1859 701 1929 pulchris
710 1867 804 1935 oculis,
815 1885 844 1924 ut
854 1877 925 1947 apud
933 1880 1027 1938 Catull.
1037 1888 1096 1944 loco
1103 1892 1191 1964 citato,

584 1987 590 2000 .
604 1989 610 2001 .
622 1991 626 2000 .
639 1991 645 2002 .
657 1959 717 2006 Meua
727 1965 811 2022 puellae

313 2029 314 2032 ’
430 2025 521 2072 Flendo
532 2029 648 2091 turgiduli
659 2033 745 2082 rubent
756 2039 840 2094 ocelli,

121 2087 146 2128 et
155 2077 189 2130 al.
202 2080 310 2152 pterim.

153 2171 223 2227 Nor.
245 2192 271 2242 9.
293 2177 371 2232 Conl.
385 2181 493 2235 omnino
507 2183 608 2256 egregia
621 2206 652 2242 ae
664 2191 765 2261 prolixa
778 2193 880 2255 dissert.
898 2203 1021 2261 Favorini
1038 2211 1191 2291 philosophi

120 2257 190 2329 apud
199 2259 269 2312 Gell.
283 2261 353 2326 ΧΠ,
366 2282 391 2329 r,
401 2283 458 2336 que
464 2266 557 2320 suadet
568 2269 651 2322 nobili
662 2274 780 2342 femine,
793 2292 820 2331 ut
830 2281 935 2354 liberos,
945 2309 1012 2360 quoa
1022 2297 1123 2366 pariat,
1137 2321 1191 2357 nou

120 2341 268 2409 unu-icum,
279 2343 326 2398 red
336 2363 385 2399 ruo
396 2345 463 2402 lacte
476 2350 535 2404 alat.
551 2351 625 2405 lderu
638 2357 794 2430 praecipiunt
805 2361 922 2420 Macrob.
937 2370 973 2436 V,
986 2393 1028 2441 rr;
1038 2377 1106 2434 Plut.
1120 2396 1145 2436 et
1156 2386 1190 2440 nl.
1295 2361 1301 2380 Ι

120 2457 154 2468 -
172 2433 305 2496 Potanda,
327 2449 379 2484 uon
395 2443 495 2487 tantum
516 2437 650 2509 sugenda,
670 2441 789 2516 adeoque
806 2446 882 2518 plena
903 2451 986 2510 lactis.
1000 2490 1034 2502 -
1053 2466 1191 2532 Infantidue

120 2516 229 2580 magnis,
246 2512 361 2578 adultia3
381 2517 520 2570 nonenim
540 2532 593 2573 tarn
611 2523 675 2586 cito,
692 2537 721 2576 ut
740 2544 823 2592 nunc,
844 2533 1001 2591 arcebantur
1019 2561 1033 2594 a
1053 2550 1189 2619 memmi„

121 2593 218 2667 Grang.
233 2595 285 2648 liii
298 2597 358 2650 coll.
371 2597 441 2664 XV,
455 2604 501 2666 69,
517 2619 569 2670 70,
584 2615 609 2658 et
620 2605 727 2659 Lucret.
740 2608 774 2671 V,
787 2613 849 2679 925,
859 2617 998 2687 ¹epitheton
1013 2643 1045 2678 eo
1056 2629 1175 2686 referunt
1180 2677 1189 2704 ,

119 2677 190 2750 quod
199 2678 294 2751 primia
304 2680 398 2734 reculis
408 2681 560 2752 grandiores
569 2687 623 2738 nati
634 2687 686 2740 rint
695 2690 815 2746 inianter.

153 2774 223 2827 Nor.
234 2793 276 2828 ro.
284 2778 529 2849 llorridioringeuio,
538 2781 597 2832 etin
604 2783 676 2836 victu
683 2790 876 2858 etqueamictn;
884 2813 937 2848 non
945 2835 951 2860 ‚
958 2813 987 2852 ut
993 2821 1063 2858 nunc
1070 2845 1078 2871 ,
1085 2812 1190 2867 nrolliot·

120 2867 145 2908 et
153 2855 299 2912 delicatior.
310 2891 344 2900 —
357 2862 466 2912 Ghndes
478 2861 575 2932 aliique
590 2863 690 2920 lructue
703 2870 826 2925 arborum
837 2886 862 2926 et
873 2876 1013 2936 herbnrum
1027 2889 1107 2958 primi
1117 2910 1196 2964 erant,

120 2937 182 2990 eibi.
199 2939 413 3006 Plin.V11,56;
428 2942 512 3008 XVI,
527 2961 567 3014 pr,
583 2945 658 3018 Virg.
670 2949 765 3022 Georg.
781 2955 811 3015 Ι,
825 2957 851 3022 8,
868 2960 969 3020 148.-
980 2968 1112 3042 ductante,
1127 2981 1189 3049 quia

119 3021 214 3074 multu
231 3020 337 3092 glandea
354 3035 381 3075 et
399 3023 476 3076 aride
490 3025 614 3082 comedit.
635 3030 805 3089 Delicrtioree
825 3039 936 3096 Romani
955 3051 1092 3108 ructabant
1111 3077 1189 3131 aver,

117 3120 226 3174 aprum,
240 3115 289 3156 etc.
306 3113 315 3139 ¹

152 3196 220 3250 Nor.
242 3215 282 3250 rr.
295 3198 383 3252 Verba
396 3201 499 3256 Lueret·
514 3203 550 3271 V,
563 3205 627 3274 905.

152 3289 221 3343 Nor.
243 3310 289 3358 ra,
313 3293 354 3346 13.
377 3294 469 3348 Facete
486 3315 517 3351 ao
533 3303 677 3371 pereleum
694 3320 771 3378 poete
788 3325 916 3369 meruotat
928 3319 1028 3378 fabular
1044 3326 1077 3380 de
1088 3331 1189 3404 origine

118 3374 272 3441 hominum,
285 3389 311 3428 et
320 3377 382 3430 inde
393 3378 485 3444 docel,
499 3399 547 3436 cur
559 3385 652 3456 primis
661 3389 699 3440 illi
713 3397 875 3466 temporibus
886 3415 955 3456 certe
966 3425 997 3459 ec
1008 3411 1105 3480 pudice
1115 3418 1188 3470 vixe-

118 3459 186 3524 rint;
202 3457 275 3529 quod
287 3460 344 3512 teil.
356 3459 453 3515 durum
468 3463 555 3518 adhuc
566 3467 757 3544 horridumque
769 3477 849 3531 luerit
862 3482 995 3554 ingenium
1009 3509 1116 3561 eorum,
1134 3517 1187 3553 non

119 3541 182 3594 luxu
195 3555 366 3615 corruptum,
379 3546 505 3620 quodque
514 3553 525 3618 (
532 3551 586 3603 uati
596 3553 653 3607 ecil.
667 3558 803 3628 erobore,
812 3580 858 3616 eeu
871 3577 938 3621 terra
952 3584 977 3624 et
988 3574 1055 3646 luto)
1068 3581 1187 3636 nondunr'
1194 3601 1200 3608 ··

77 3681 79 3686 ¹
118 3626 243 3676 habuerant
255 3643 387 3696 parentes,
403 3632 449 3702 qui
465 3633 591 3688 lascivum
608 3637 672 3708 ipsis
689 3643 842 3712 sanguinem
860 3649 1021 3722 infuderint,
1042 3662 1083 3713 vel
1099 3665 1187 3734 pravis

118 3726 161 3762 eoo
173 3711 299 3783 exemplis
311 3724 338 3767 et
349 3713 504 3770 educatione
515 3721 704 3776 enervaverint.
717 3753 754 3764 -
766 3731 844 3795 llupto
854 3736 937 3786 robore
947 3742 1015 3801 nati,
1032 3753 1061 3794 ut

334 3809 445 3871 Genrqne
456 3810 531 3858 virum
544 3815 634 3862 trunci·
647 3827 671 3864 et
682 3818 744 3866 duro
755 3823 842 3871 roboro
853 3837 920 3885 nata,

536 3961 767 3988 mmm

156 4062 165 4087 ¹
180 4055 245 4104 Vide
256 4058 363 4108 Varrou.
373 4061 411 4108 lte
419 4061 490 4110 Rutt.
499 4063 549 4122 111,
559 4077 587 4124 π,
597 4064 626 4125 33
636 4065 741 4116 Martial.
750 4071 802 4132 Π,
812 4081 855 4136 49,
866 4073 890 4137 ⁸,
899 4083 924 4125 tt
933 4078 964 4126 ol.
976 4081 1062 4134 Heius.
1070 4047 1103 4138 ad
1112 4094 1185 4144 Ovid.

119 4137 216 4187 Metam.
230 4141 302 4203 m,
318 4157 378 4192 nn.

203 4223 231 4288 l.
987 4247 1026 4312 25
