3134 4990
464 405 921 484 strrtttsnurttrt.
1032 393 1033 397 ‘
1166 385 1281 494 srs'

154 509 217 595 llle
235 541 271 595 et
284 526 414 597 militiae
431 528 546 599 multis
562 527 704 624 largitur
719 531 903 618 honorem,

153 635 317 705 Semestri
330 651 446 705 vatum
459 637 584 732 digitos
595 638 807 734 circumligat
822 665 915 710 auro.

154 743 260 832 Quod
275 769 346 814 non
363 745 446 816 dant
461 770 637 841 proceres,
654 749 748 818 dabit
762 750 884 820 histrio
899 776 908 818 ε
926 768 964 821 tu
979 753 1176 824 Camerinos
1194 779 1229 836 9⁶

155 855 201 922 Et
214 855 351 940 Bareas,
366 868 404 924 tu
418 853 583 924 nobilium
596 879 717 948 magna
731 856 815 924 atria
828 856 945 926 ouras?

157 960 343 1033 Praefectos
358 962 506 1060 Pelopea
521 962 619 1051 facit,
634 961 822 1032 Philomela
837 965 1001 1037 tribunos.

157 1072 259 1140 Haud
274 1087 389 1142 tamen
406 1073 560 1142 invideas
575 1072 665 1157 vati,
681 1097 784 1167 quem
801 1073 932 1170 pulpita
947 1094 1102 1171 pascunt.

155 1183 242 1272 Quis
257 1183 319 1252 tibi
331 1182 521 1255 Mrecenas?
534 1183 610 1279 quis
624 1207 716 1252 nunc
730 1185 797 1252 erit
808 1200 868 1254 aut
880 1187 1098 1277 Proculeius,
1276 1235 1286 1244 -

156 1295 229 1363 Aut
241 1292 383 1364 Fabius?
398 1296 473 1390 quis
487 1297 587 1367 Cotta
601 1291 746 1362 iterum?
763 1297 838 1390 quis
853 1297 1019 1369 Lentulus
1033 1299 1141 1372 alter?
1197 1307 1230 1388 95'

47 1465 53 1476 .
157 1403 256 1473 Tunc
272 1428 334 1498 par
347 1404 484 1498 ingenio
498 1404 668 1499 pretium;
683 1417 766 1472 tuno
779 1403 866 1476 utile
878 1405 994 1477 multis

159 1511 310 1602 Pallere,
329 1529 364 1583 et
379 1516 497 1584 vinum
514 1529 587 1584 toto
603 1513 735 1583 nescire
747 1515 940 1584 Decembris

206 1626 331 1694 Vester
346 1649 449 1719 porro
466 1623 561 1694 labor
576 1622 765 1709 secundior,
783 1624 1000 1696 historiarum

163 1733 372 1828 Scriptores:
387 1734 475 1829 petit
488 1733 556 1804 hoc
571 1732 647 1828 plus
662 1734 826 1829 temporis
839 1749 940 1830 atque
955 1736 1021 1808 olei
1035 1733 1127 1834 plusr

159 1842 317 1936 Namque
331 1841 435 1912 oblita
449 1842 543 1912 modi
559 1840 735 1913 millesima
749 1845 872 1940 pagina
887 1846 995 1938 surgit
1182 1871 1233 1916 roe

161 1947 350 2040 Omnibus,
365 1967 402 2024 et
417 1952 524 2022 multa
537 1953 658 2022 crescit
672 1952 833 2023 damnosa
847 1977 987 2048 papyros

165 2183 248 2254 Paris
266 2196 320 2272 qui
336 2197 449 2271 primos
470 2197 649 2256 exercitatam
667 2195 853 2272 magistratus
870 2197 1003 2273 plurimis
1022 2198 1165 2273 impertiti
1186 2201 1239 2276 qni

163 2298 268 2364 poetas
288 2287 403 2346 ferendi
420 2307 474 2364 per
493 2307 542 2346 sex
562 2305 677 2346 menses
695 2289 778 2345 aurei
798 2288 901 2345 annuli
914 2287 983 2361 jure
1003 2289 1109 2361 d'onat;
1133 2308 1182 2348 eos
1202 2293 1240 2349 ad

163 2391 328 2455 equestrem
336 2378 489 2451 ordinem,
500 2378 538 2437 ad
546 2379 700 2436 militarem
712 2377 893 2436 tribunatum
904 2379 1010 2438 erehit.
1021 2382 1140 2439 Factum
1151 2382 1239 2455 bene,

163 2472 247 2547 quod
266 2481 401 2548 repertus
421 2471 526 2530 histrio
546 2471 603 2543 sit,
623 2470 675 2544 qui
689 2470 771 2546 quod
795 2471 890 2546 poetis
906 2490 966 2528 uon
985 2470 1099 2529 donant
1118 2473 1241 2531 civitatis

163 2563 328 2640 principes,
351 2563 455 2620 iisdem
477 2581 535 2638 pro
557 2579 611 2618 sua
628 2561 801 2618 liberalitate
823 2574 853 2618 et
872 2559 1069 2620 munificentia
1088 2564 1238 2640 largiaturr

165 2655 300 2714 omittite
311 2654 469 2730 deinceps,
485 2673 504 2711 o
515 2662 624 2728 poeta,
638 2651 787 2725 obsequiis
798 2655 900 2710 vestris
911 2664 940 2709 et
953 2654 1130 2712 carminibus
1141 2655 1239 2716 derne-

164 2747 224 2804 reri
235 2747 417 2821 Camerinos,
428 2757 459 2802 et
471 2746 592 2814 bareas3
608 2743 773 2817 potentium
784 2744 924 2818 superbas
934 2741 1037 2801 domos
1048 2763 1085 2802 ne
1096 2759 1239 2820 praterea

165 2839 347 2914 frequentate
358 2858 366 2894 ε
378 2836 451 2895 nihil
465 2855 499 2894 ea
513 2835 559 2892 ria
575 2832 739 2910 proficitur.
757 2835 882 2908 Pelopea
897 2834 1054 2909 tragoedia,
1067 2838 1168 2895 Paridi
1183 2839 1237 2895 ob·

164 2932 234 3002 lata,
245 2931 431 3007 praefecturas
439 2929 602 3007 opimatam
609 2926 826 3003 provinciarum
837 2927 929 3002 parit3
941 2927 1100 2986 Philomela
1111 2929 1237 2988 tribuna-

166 3035 212 3081 tus
224 3023 364 3082 militares
376 3031 569 3097 promeretur.
584 3022 688 3094 Neque
701 3030 798 3075 tamen
808 3027 851 3074 est
867 3035 920 3074 cur
934 3035 1150 3078 succenseamus
1161 3024 1237 3080 vati-

166 3115 240 3185 bus,
252 3115 331 3191 quie
342 3115 401 3174 suis
412 3113 588 3170 carminibus
600 3111 710 3168 victum
720 3109 778 3166 sibi
790 3117 819 3165 et
833 3125 904 3181 opes
916 3120 1069 3182 quaerunt,
1082 3111 1107 3166 si
1118 3113 1237 3186 quidem

167 3205 242 3264 nulli
252 3206 314 3279 jam
326 3216 394 3262 suut
405 3207 590 3272 Macenates3
607 3200 680 3258 nulli
691 3198 852 3270 Proculeii,
863 3209 913 3255 aut
921 3199 1020 3271 Fabii,
1033 3201 1086 3277 qui
1098 3221 1148 3260 eos
1159 3197 1237 3262 ultro

166 3309 296 3374 pescant.
317 3297 379 3354 Ubi
389 3297 462 3354 alter
474 3293 576 3352 Cotta?
592 3291 647 3350 ubi
660 3292 732 3348 altar
744 3291 904 3348 Lentulus?
920 3291 972 3346 ubi
983 3310 1071 3349 aurea
1085 3293 1133 3351 illa
1143 3297 1238 3352 secula

167 3401 251 3460 suut,
268 3409 360 3465 quum
375 3407 431 3465 pro
447 3385 558 3464 ingenii
572 3383 679 3454 modo,
693 3400 803 3440 merres
814 3400 870 3458 par
884 3381 1005 3440 cruditis
1015 3385 1167 3443 laboribus
1182 3388 1237 3444 tri-

168 3483 330 3542 buebatur?
342 3500 434 3557 quum
444 3478 527 3536 libris
535 3476 744 3553 impallescere,
756 3474 827 3531 rino
837 3483 867 3531 et
878 3474 1019 3532 conviviis
1027 3495 1081 3550 per
1091 3477 1237 3552 integrum

167 3575 362 3632 Decembrem
373 3571 536 3640 abstinere,
552 3568 653 3644 magui
663 3583 710 3624 rea
720 3565 907 3623 emolumenti
917 3584 950 3622 ac
960 3566 1091 3625 utilitatis
1102 3571 1181 3626 erat?

209 3686 258 3743 97.
280 3669 397 3735 Atros,
412 3661 560 3732 historici,
577 3659 718 3733 majorem
735 3667 851 3716 exarte
864 3669 959 3716 restra
978 3659 1104 3717 fructum
1119 3661 1240 3721 sortasse

168 3757 331 3836 percipitis,
345 3775 410 3832 qua
418 3767 495 3813 certe
506 3756 571 3830 plns
582 3751 724 3828 temporis
734 3749 901 3824 laborisque
911 3751 1050 3827 postulat:
1062 3755 1152 3810 vestri
1163 3756 1241 3812 enim

167 3851 239 3910 libri
248 3848 468 3926 supramodum
480 3865 597 3922 omnem
607 3863 643 3903 ac
651 3861 816 3901 mensuram
826 3855 1010 3917 excrescunt,
1025 3855 1054 3903 et
1062 3845 1141 3903 mille
1150 3846 1242 3904 inter-

169 3944 241 4002 dum
256 3941 383 4020 paginas
401 3939 542 4014 implent,
557 3956 590 3994 ac
605 3947 703 3994 vestro
719 3934 838 4010 quidem
854 3933 978 4009 damno,
997 3936 1048 4010 qui
1066 3949 1174 3996 tautam
1191 3958 1243 4017 pa-

170 4034 239 4111 pyri
254 4031 369 4108 copiam
385 4031 494 4088 frustra
512 4027 696 4103 impendatis.
711 4028 769 4086 Sed
786 4023 850 4082 lieri
866 4025 951 4084 aliter
964 4027 1072 4086 scilicet
1086 4031 1190 4107 nequit
1202 4035 1243 4091 ob

171 4144 270 4183 rerum
284 4121 499 4182 narrandarum
512 4119 749 4192 multitudinem
763 4137 854 4196 eaque
868 4121 914 4178 lea
926 4119 1054 4178 historiar
1064 4124 1111 4179 vel
1125 4127 1244 4184 sanctio

258 4215 285 4280 1.
1057 4211 1096 4277 35
