3148 4990
333 459 374 544 74
428 456 530 519 VAR.
555 456 785 520 LECTION.
810 458 871 522 ΕΤ
895 457 1008 522 ΝΟΤ.
1032 460 1082 524 ΙΝ
1106 461 1256 556 SATlll.
1281 465 1306 526 Ι.

332 589 399 629 scm,
420 581 559 640 postquam
577 569 662 622 victus
681 581 706 622 et
718 570 869 622 vulneratus
881 581 928 622 est.
941 571 981 621 Ita
995 581 1019 622 te
1030 570 1132 623 consilii
1146 589 1204 624 sero
1218 571 1370 644 penitebit,
1383 572 1405 623 si

332 654 445 725 aliquem
466 653 624 706 lacessiveris
645 653 777 719 carmine,
801 665 826 706 et
844 653 878 706 ad
895 653 1037 706 vindictam
1054 655 1247 727 provocaveris.
1265 653 1407 707 Adnotstio

333 738 422 790 Heinr.
434 750 472 790 est
482 737 539 790 haec
552 756 558 790 :
576 737 666 790 «Illud
677 751 734 790 ante
744 742 814 790 tubas
825 737 1002 809 suppeditavit
1011 736 1154 808 Virgilius,
1167 738 1271 792 AEueid.
1285 737 1341 798 xl.
1354 743 1405 799 4ι4

216 817 221 830 “
332 821 342 888 (
352 819 421 872 unde
443 833 468 872 et
488 820 562 892 petiit
585 821 761 885 Claudianus,
781 819 852 874 laud.
866 818 969 872 Stilich.
983 821 1011 884 1,
1032 823 1113 888 192),
1130 821 1180 873 nisi
1198 838 1277 884 vero,
1297 829 1407 891 propter

332 901 402 954 hunc
417 904 520 974 ipsum,
534 903 676 976 archetypa
692 904 820 975 scriptura
832 901 884 954 hoc
899 901 958 953 loco
972 900 1091 954 videatur
1103 906 1193 956 talem.
1205 901 1406 956 convenientis·

331 985 427 1038 simum
447 999 485 1038 est
502 987 561 1039 loco
578 987 736 1057 ingenioque
753 983 901 1047 luvenalis,
923 983 970 1055 qui
981 985 1121 1056 sepissime
1134 997 1251 1057 sumptas
1266 1003 1279 1035 a
1293 983 1407 1056 Virgilio

330 1069 455 1141 loquendi
470 1071 582 1135 formas,
596 1071 666 1124 bono
677 1087 738 1122 cum
752 1069 866 1128 ellectu,
880 1067 907 1120 in
921 1085 993 1120 suam
1009 1086 1064 1120 rem
1080 1069 1219 1122 convertit.
1230 1067 1301 1122 Vide
1314 1069 1405 1120 saltem

330 1171 408 1225 supra
420 1173 446 1208 ν.
458 1157 501 1218 61,
511 1154 571 1208 coll.
584 1154 659 1224 Virg.
672 1155 732 1206 AEn.
743 1152 784 1218 11,
799 1155 849 1219 477
861 1149 925 1218 (ubi
936 1160 1023 1203 tamen
1033 1169 1085 1204 non
1092 1153 1342 1220 perarmemus),
1358 1149 1405 1204 sed

748 1283 768 1296 ..
779 1251 930 1310 ..Equorum
944 1247 1047 1308 agitator
1062 1247 1158 1294 Achillis

516 1325 624 1388 Armiger
640 1323 803 1370 Automedon.
813 1355 819 1369 .
830 1356 851 1370 ..

330 1409 383 1462 Sat.
401 1411 445 1474 11,
463 1427 512 1478 99,
532 1430 602 1476 ¹0⁰3
620 1411 674 1472 vl.
695 1416 728 1473 44
748 1409 821 1478 (vid.
845 1427 923 1480 supra
945 1406 980 1459 ad
1000 1427 1025 1459 v.
1044 1407 1264 1476 36);x11,94‚
1282 1418 1331 1460 etc.
1356 1407 1406 1459 Ni·

329 1493 427 1546 mirum
440 1492 545 1547 AEneidi
556 1493 708 1565 Virgilianae
724 1494 869 1566 plurimum
888 1493 934 1545 ista
955 1503 1015 1544 tatas
1034 1493 1146 1544 tribuit:
1167 1495 1241 1565 cujus
1254 1510 1337 1563 quum
1350 1492 1405 1544 sin·

330 1576 384 1646 guli
399 1594 473 1648 pene
490 1595 580 1629 versus
590 1576 714 1628 Romanis
725 1576 866 1630 lectoribus
875 1576 991 1648 prompti
1001 1587 1098 1636 essent,
1116 1573 1144 1628 id
1153 1573 1321 1628 commodum
1334 1573 1406 1628 scci-

328 1657 369 1711 dit
386 1659 507 1712 Juvenali
523 1671 549 1711 et
562 1659 619 1712 aliis
633 1659 820 1731 scriptoribus,
843 1658 914 1712 unde
940 1659 1045 1712 sibimet
1064 1658 1114 1729 ipsi
1134 1657 1285 1711 auditorum
1298 1659 1406 1730 plausus

329 1740 491 1812 colligerent.
509 1745 625 1794 Galsatm
644 1761 698 1794 nou
717 1753 756 1794 est
774 1742 860 1815 simpl.
876 1743 967 1808 miles,
983 1755 1012 1794 ut
1030 1742 1084 1794 fere
1095 1741 1180 1804 Vlll,
1200 1742 1268 1806 ³3⁸3
1291 1741 1338 1794 sed
1352 1753 1409 1802 est,

329 1836 359 1877 ut
371 1827 458 1875 mulier
466 1829 582 1892 galeata,
598 1825 652 1888 VI,
665 1824 731 1888 252,
745 1824 816 1895 galea
831 1824 954 1890 indutus,
968 1825 1037 1888 sive,
1049 1824 1095 1895 qui
1109 1823 1190 1894 capiti
1203 1823 1302 1895 galeam
1315 1825 1404 1896 impo-

328 1907 396 1972 suit,
410 1909 530 1979 prolium
544 1909 683 1980 ingressus.
702 1907 734 1960 ld
746 1908 816 1960 enim
829 1909 908 1960 fiebat
917 1925 949 1960 ex
961 1925 1050 1970 more,
1065 1918 1094 1959 ut
1103 1907 1214 1966 milites,
1230 1905 1404 1978 quemadmo-

327 1991 392 2045 dum
410 2009 451 2046 res
463 1993 545 2045 oculis
558 1993 697 2063 subjicitur
714 1993 741 2044 in
754 1993 881 2046 Columna
893 1991 1021 2063 Trajana,
1039 1991 1138 2062 galeam
1159 2001 1218 2042 ante
1235 2008 1351 2062 pugnam
1369 1989 1403 2042 ad

327 2074 468 2128 humerum
485 2075 606 2128 dextrum
617 2093 758 2147 appensam
772 2088 909 2148 gererent,
923 2093 1005 2147 eaque
1021 2085 1100 2146 caput
1113 2075 1265 2146 obtegerent
1280 2086 1337 2126 tum
1355 2072 1404 2126 de-

328 2175 416 2219 mum,
438 2178 520 2231 quum
538 2159 658 2229 praelium
671 2159 806 2230 inciperet.
822 2158 921 2211 Conler
933 2157 1001 2211 llirt.
1018 2158 1051 2211 de
1065 2159 1137 2210 Bello
1152 2158 1234 2211 Afric.
1249 2175 1289 2210 ra.
1305 2157 1403 2210 Parnm

330 2253 399 2294 reete
414 2242 463 2294 hac
479 2242 513 2294 de
526 2261 554 2294 re
567 2241 671 2295 dubitat
684 2241 821 2294 Fabrettus
834 2239 868 2292 ad
880 2239 1001 2293 Column.
1014 2241 1085 2312 ij.
1098 2259 1157 2312 pag.
1169 2240 1227 2293 213.
1240 2267 1250 2286 ·

363 2339 447 2390 Arar„
470 2355 536 2406 170,
550 2355 607 2408 171.
620 2338 699 2391 Poeta
710 2336 852 2409 respondet
863 2337 987 2389 monitori
998 2356 1004 2389 :
1017 2335 1044 2388 si
1056 2336 1131 2388 vivos
1145 2336 1201 2388 sine
1214 2335 1333 2407 periculo
1345 2353 1405 2387 car·

328 2439 390 2490 pere
411 2439 464 2471 non
481 2439 604 2491 possum,
628 2433 792 2472 mortuorum
814 2419 875 2472 vitia
897 2419 969 2472 vocis
989 2419 1107 2473 libertate
1129 2419 1310 2492 perstringam.
1334 2417 1405 2474 Huic

327 2503 434 2574 quidem
447 2503 577 2573 promisso
591 2523 644 2555 non
658 2503 798 2569 satisfecit,
817 2514 842 2554 et
854 2504 951 2575 passim
963 2504 1024 2556 vitia
1037 2503 1078 2556 sui
1090 2504 1138 2556 sevi
1151 2515 1175 2556 et
1189 2502 1327 2554 hominurn
1341 2515 1405 2555 tunc

327 2586 451 2656 temporis
459 2585 603 2636 viventium
611 2587 725 2650 notavit,
736 2585 783 2638 sed
791 2604 935 2657 numquam
944 2587 997 2639 lere
1004 2587 1131 2650 alionum,
1142 2605 1221 2658 quam
1232 2586 1405 2657 ignobilium,

328 2679 353 2719 et
368 2669 414 2738 qui
427 2667 514 2720 miuus
526 2667 607 2738 gratia
620 2667 810 2738 imperatorum
819 2670 953 2734 valebant,
964 2669 1083 2741 adeoque
1094 2671 1181 2722 minus
1190 2671 1215 2723 ei
1224 2688 1321 2721 nocere
1328 2681 1405 2740 pote·

327 2765 399 2818 mnt;
411 2751 444 2804 de
451 2753 602 2823 potentibus
610 2765 708 2818 autem,
720 2753 762 2806 vel
768 2752 832 2824 ipsis
840 2751 905 2806 odeo
913 2753 1069 2819 Cesaribus,
1078 2755 1182 2807 mutatis
1192 2767 1292 2806 tautum
1301 2753 1405 2806 etlictis

327 2835 477 2888 nominibus
490 2835 557 2906 egit;
570 2835 673 2898 velita,
684 2846 728 2898 ut,
740 2853 799 2906 quc
810 2834 924 2898 diceret,
939 2837 972 2890 ad
987 2837 1051 2888 alios
1065 2837 1142 2889 etiam
1157 2837 1247 2890 referri
1261 2849 1378 2908 possent.

362 2931 431 2983 Nor.
454 2947 512 3000 171.
530 2929 572 2983 Ad
590 2931 662 2994 vias,
679 2930 813 3003 precipue
832 2935 978 2983 Flaminiam
999 2932 1069 3000 (vid.
1081 2950 1159 3003 snpra
1171 2932 1203 2984 ad
1216 2949 1321 2984 versum
1335 2929 1407 3000 δι),

327 3017 439 3066 utinam
451 3027 477 3066 et
487 3015 616 3087 Appiam,
629 3015 741 3066 llomani
752 3027 886 3068 essu-nere
895 3015 1013 3068 solebant
1023 3016 1141 3087 sepulcra
1152 3055 1159 3078 ,
1171 3033 1284 3088 quorum
1295 3017 1403 3069 latebris

327 3091 397 3170 snpe'
414 3099 525 3151 latrones
543 3117 571 3150 se
584 3098 727 3151 occultasse
740 3111 832 3151 notum
847 3112 901 3164 est,
922 3098 992 3151 unde
1005 3099 1086 3150 mults
1100 3110 1200 3151 exstant
1214 3098 1402 3171 epigrammata

327 3182 353 3232 in
373 3183 497 3246 viatores,
515 3192 541 3234 et
560 3181 587 3232 in
608 3181 737 3251 inscriptt.
755 3181 852 3252 passim
866 3181 896 3232 lit
908 3182 1006 3235 mentio
1020 3181 1149 3234 viatorum
1159 3192 1178 3231 ¹.
1188 3210 1224 3221 -
1235 3183 1324 3231 heina
1340 3181 1399 3246 via,

328 3277 391 3317 teste
407 3264 492 3318 Strab.
503 3264 537 3328 V,
551 3264 619 3316 inter
637 3263 749 3336 Appiam
767 3276 793 3315 et
802 3263 933 3317 Valeriam
944 3264 992 3317 sita
1010 3276 1035 3316 et
1046 3263 1177 3334 lapidibus
1190 3275 1266 3315 strata
1280 3265 1314 3315 ab
1326 3264 1403 3316 Urbe

327 3349 360 3401 ad
377 3347 541 3412 Sinuessam,
560 3365 623 3419 opp.
638 3359 782 3400 exn-smum
796 3347 880 3411 Latii,
901 3360 949 3418 per
966 3346 1088 3418 Algidum
1108 3359 1133 3398 et
1146 3347 1309 3400 Tusculanos
1321 3349 1404 3400 colles

327 3431 360 3484 ad
374 3431 528 3494 Ferentum,
542 3431 715 3485 Frusinonem
735 3431 850 3504 aliasque
866 3432 984 3484 civitates
1003 3431 1103 3483 nobiles
1119 3431 1250 3485 tendens:
1271 3431 1304 3485 ad
1320 3451 1402 3506 quiam

329 3525 457 3567 exstructa
473 3513 628 3586 sepulchre,
648 3513 772 3586 quoniam
792 3515 849 3585 lege
868 3515 923 3566 ΧΠ
942 3515 995 3566 tab.
1016 3514 1144 3567 sancitum
1163 3527 1233 3578 erat,
1251 3517 1356 3588 nequis
1374 3518 1404 3568 in

330 3597 401 3650 Urbe
413 3597 566 3670 sepeliretur
576 3617 584 3663 ς
600 3595 667 3648 th.

366 3791 374 3815 ¹
392 3785 483 3833 Confer
492 3783 554 3831 infra
567 3792 610 3831 sat.
620 3783 657 3844 V,
669 3798 694 3830 v.
706 3783 751 3842 55,
765 3791 789 3828 et
799 3791 842 3829 sat.
887 3779 931 3828 lib.
944 3781 996 3840 xl,
1011 3789 1055 3841 14,
1067 3796 1092 3838 1;
1106 3780 1251 3832 llirebman.
1266 3783 1298 3830 de
1311 3785 1402 3832 Funer.

329 3865 403 3924 vlu,
413 3881 437 3912 v.
450 3867 513 3926 1⁴63
523 3863 631 3912 Martini.
641 3862 684 3911 lib.
694 3863 747 3922 VI,
758 3861 842 3922 28,5;
888 3861 1071 3918 Romanorum,
1085 3859 1128 3908 lib.
1139 3861 1177 3918 ΙΙ,
1190 3877 1232 3909 ²².

564 4119 1165 4156 *w*
