<?xml version="1.0" encoding="UTF-8"?>
<!DOCTYPE html PUBLIC "-//W3C//DTD XHTML 1.0 Transitional//EN"
    "http://www.w3.org/TR/xhtml1/DTD/xhtml1-transitional.dtd">
<html xmlns="http://www.w3.org/1999/xhtml" xml:lang="en" lang="en">
 <head>
  <title>
</title>
<meta http-equiv="Content-Type" content="text/html;charset=utf-8" />
  <meta name='ocr-system' content='tesseract 3.04.00' />
  <meta name='ocr-capabilities' content='ocr_page ocr_carea ocr_par ocr_line ocrx_word'/>
</head>
<body>
  <div class='ocr_page' id='page_1' title='image "./sexdecimsatir01lemagoog_0559.png"; bbox 0 0 3134 4990; ppageno 0'>
   <div class='ocr_carea' id='block_1_1' title="bbox 335 417 1012 515">
    <p class='ocr_par' dir='ltr' id='par_1_1' title="bbox 335 417 1012 515">
     <span class='ocr_line' id='line_1_1' title="bbox 335 417 1012 515; baseline 0.004 -33"><span class='ocrx_word' id='word_1_1' title='bbox 335 417 405 515; x_wconf 18' lang='lat'><strong>&#39;538</strong></span> <span class='ocrx_word' id='word_1_2' title='bbox 746 419 1012 488; x_wconf 75' lang='lat' dir='ltr'><strong>Anatrsm.</strong></span> 
     </span>
    </p>
   </div>
   <div class='ocr_carea' id='block_1_2' title="bbox 334 534 1420 2278">
    <p class='ocr_par' dir='ltr' id='par_1_2' title="bbox 334 534 1420 2278">
     <span class='ocr_line' id='line_1_2' title="bbox 337 534 1415 613; baseline 0.001 -22"><span class='ocrx_word' id='word_1_3' title='bbox 337 536 392 592; x_wconf 88' lang='lat' dir='ltr'><strong>etsi</strong></span> <span class='ocrx_word' id='word_1_4' title='bbox 402 537 467 611; x_wconf 90' lang='lat' dir='ltr'><strong>plus</strong></span> <span class='ocrx_word' id='word_1_5' title='bbox 477 537 633 613; x_wconf 86' lang='lat' dir='ltr'><strong>temporis,</strong></span> <span class='ocrx_word' id='word_1_6' title='bbox 646 537 704 595; x_wconf 92' lang='lat' dir='ltr'><strong>olei</strong></span> <span class='ocrx_word' id='word_1_7' title='bbox 712 555 745 593; x_wconf 89' lang='lat' dir='ltr'><strong>ac</strong></span> <span class='ocrx_word' id='word_1_8' title='bbox 754 537 860 593; x_wconf 80' lang='lat' dir='ltr'><strong>chnrtae</strong></span> <span class='ocrx_word' id='word_1_9' title='bbox 868 546 984 611; x_wconf 78' lang='lat' dir='ltr'><strong>poscat,</strong></span> <span class='ocrx_word' id='word_1_10' title='bbox 993 554 1022 592; x_wconf 85' lang='lat' dir='ltr'><strong>v.</strong></span> <span class='ocrx_word' id='word_1_11' title='bbox 1032 535 1181 612; x_wconf 79' lang='lat'><strong>98-105.</strong></span> <span class='ocrx_word' id='word_1_12' title='bbox 1197 539 1301 610; x_wconf 85' lang='lat' dir='ltr'><strong>Neque</strong></span> <span class='ocrx_word' id='word_1_13' title='bbox 1311 534 1415 608; x_wconf 82' lang='lat' dir='ltr'><strong>majora</strong></span> 
     </span>
     <span class='ocr_line' id='line_1_3' title="bbox 337 625 1415 706; baseline 0 -22"><span class='ocrx_word' id='word_1_14' title='bbox 337 646 372 684; x_wconf 87' lang='lat' dir='ltr'><strong>ex</strong></span> <span class='ocrx_word' id='word_1_15' title='bbox 381 627 495 704; x_wconf 81' lang='lat' dir='ltr'><strong>ingenti</strong></span> <span class='ocrx_word' id='word_1_16' title='bbox 502 630 583 688; x_wconf 84' lang='lat' dir='ltr'><strong>vocis</strong></span> <span class='ocrx_word' id='word_1_17' title='bbox 591 631 774 706; x_wconf 90' lang='lat' dir='ltr'><strong>laterumque</strong></span> <span class='ocrx_word' id='word_1_18' title='bbox 782 627 972 687; x_wconf 89' lang='lat' dir='ltr'><strong>contentione</strong></span> <span class='ocrx_word' id='word_1_19' title='bbox 980 627 1098 705; x_wconf 64' lang='lat' dir='ltr'><strong>premia</strong></span> <span class='ocrx_word' id='word_1_20' title='bbox 1107 648 1140 685; x_wconf 81' lang='lat' dir='ltr'><strong>oc</strong></span> <span class='ocrx_word' id='word_1_21' title='bbox 1149 627 1305 686; x_wconf 87' lang='lat' dir='ltr'><strong>commoda</strong></span> <span class='ocrx_word' id='word_1_22' title='bbox 1314 625 1415 684; x_wconf 73' lang='lat' dir='ltr'><strong>tetm-</strong></span> 
     </span>
     <span class='ocr_line' id='line_1_4' title="bbox 337 719 1416 800; baseline 0 -22"><span class='ocrx_word' id='word_1_23' title='bbox 337 723 408 779; x_wconf 85' lang='lat' dir='ltr'><strong>dant</strong></span> <span class='ocrx_word' id='word_1_24' title='bbox 418 723 450 780; x_wconf 90' lang='lat' dir='ltr'><strong>in</strong></span> <span class='ocrx_word' id='word_1_25' title='bbox 460 725 641 782; x_wconf 81' lang='lat' dir='ltr'><strong>conscidicos</strong></span> <span class='ocrx_word' id='word_1_26' title='bbox 649 767 659 796; x_wconf 94' lang='lat'><strong>,</strong></span> <span class='ocrx_word' id='word_1_27' title='bbox 665 735 816 800; x_wconf 82' lang='lat' dir='ltr'><strong>patronos</strong></span> <span class='ocrx_word' id='word_1_28' title='bbox 827 741 995 779; x_wconf 82' lang='lat' dir='ltr'><strong>caussarum</strong></span> <span class='ocrx_word' id='word_1_29' title='bbox 1007 733 1038 780; x_wconf 91' lang='lat' dir='ltr'><strong>et</strong></span> <span class='ocrx_word' id='word_1_30' title='bbox 1045 723 1274 795; x_wconf 81' lang='lat' dir='ltr'><strong>jureconsultus,</strong></span> <span class='ocrx_word' id='word_1_31' title='bbox 1288 719 1340 796; x_wconf 86' lang='lat' dir='ltr'><strong>qui</strong></span> <span class='ocrx_word' id='word_1_32' title='bbox 1348 739 1416 796; x_wconf 71' lang='lat' dir='ltr'><strong>pra·</strong></span> 
     </span>
     <span class='ocr_line' id='line_1_5' title="bbox 338 811 1418 892; baseline -0.001 -23"><span class='ocrx_word' id='word_1_33' title='bbox 338 823 434 887; x_wconf 87' lang='lat' dir='ltr'><strong>terea,</strong></span> <span class='ocrx_word' id='word_1_34' title='bbox 457 826 491 871; x_wconf 89' lang='lat' dir='ltr'><strong>ut</strong></span> <span class='ocrx_word' id='word_1_35' title='bbox 515 817 650 891; x_wconf 88' lang='lat' dir='ltr'>plebem,</span> <span class='ocrx_word' id='word_1_36' title='bbox 676 815 831 874; x_wconf 89' lang='lat' dir='ltr'><strong>hominnm</strong></span> <span class='ocrx_word' id='word_1_37' title='bbox 851 814 967 892; x_wconf 86' lang='lat' dir='ltr'><strong>ingenia</strong></span> <span class='ocrx_word' id='word_1_38' title='bbox 989 833 1026 872; x_wconf 87' lang='lat' dir='ltr'><strong>ex</strong></span> <span class='ocrx_word' id='word_1_39' title='bbox 1048 816 1130 872; x_wconf 88' lang='lat' dir='ltr'><strong>cultu</strong></span> <span class='ocrx_word' id='word_1_40' title='bbox 1154 826 1184 873; x_wconf 93' lang='lat' dir='ltr'><strong>et</strong></span> <span class='ocrx_word' id='word_1_41' title='bbox 1208 811 1418 891; x_wconf 75' lang='lat' dir='ltr'><strong>magnificentia</strong></span> 
     </span>
     <span class='ocr_line' id='line_1_6' title="bbox 338 903 1419 980; baseline -0.005 -18"><span class='ocrx_word' id='word_1_42' title='bbox 338 906 543 979; x_wconf 82' lang='lat' dir='ltr'><strong>aestimnntem,</strong></span> <span class='ocrx_word' id='word_1_43' title='bbox 564 908 708 980; x_wconf 83' lang='lat' dir='ltr'><strong>alliciant,</strong></span> <span class='ocrx_word' id='word_1_44' title='bbox 730 928 761 965; x_wconf 92' lang='lat' dir='ltr'><strong>se</strong></span> <span class='ocrx_word' id='word_1_45' title='bbox 775 907 881 965; x_wconf 80' lang='lat' dir='ltr'><strong>divites</strong></span> <span class='ocrx_word' id='word_1_46' title='bbox 897 925 958 964; x_wconf 88' lang='lat' dir='ltr'><strong>esse</strong></span> <span class='ocrx_word' id='word_1_47' title='bbox 973 907 1109 963; x_wconf 79' lang='lat' dir='ltr'><strong>simulent</strong></span> <span class='ocrx_word' id='word_1_48' title='bbox 1125 925 1158 963; x_wconf 81' lang='lat' dir='ltr'><strong>ec</strong></span> <span class='ocrx_word' id='word_1_49' title='bbox 1173 906 1308 976; x_wconf 87' lang='lat' dir='ltr'><strong>nobiles,</strong></span> <span class='ocrx_word' id='word_1_50' title='bbox 1331 913 1362 960; x_wconf 88' lang='lat' dir='ltr'><strong>et</strong></span> <span class='ocrx_word' id='word_1_51' title='bbox 1381 903 1419 958; x_wconf 81' lang='lat' dir='ltr'><strong>its</strong></span> 
     </span>
     <span class='ocr_line' id='line_1_7' title="bbox 338 994 1418 1082; baseline 0 -29"><span class='ocrx_word' id='word_1_52' title='bbox 338 1016 395 1055; x_wconf 81' lang='lat' dir='ltr'><strong>aere</strong></span> <span class='ocrx_word' id='word_1_53' title='bbox 407 999 503 1058; x_wconf 82' lang='lat' dir='ltr'><strong>alieno</strong></span> <span class='ocrx_word' id='word_1_54' title='bbox 516 1000 699 1082; x_wconf 81' lang='lat' dir='ltr'><strong>obruuntur,</strong></span> <span class='ocrx_word' id='word_1_55' title='bbox 715 1021 743 1056; x_wconf 87' lang='lat' dir='ltr'><strong>v.</strong></span> <span class='ocrx_word' id='word_1_56' title='bbox 758 1001 926 1076; x_wconf 70' lang='lat' dir='ltr'><strong>toli—149.</strong></span> <span class='ocrx_word' id='word_1_57' title='bbox 944 999 1086 1057; x_wconf 89' lang='lat' dir='ltr'><strong>Omnium</strong></span> <span class='ocrx_word' id='word_1_58' title='bbox 1099 1010 1195 1057; x_wconf 79' lang='lat' dir='ltr'><strong>tumen</strong></span> <span class='ocrx_word' id='word_1_59' title='bbox 1210 994 1418 1076; x_wconf 79' lang='lat' dir='ltr'><strong>ingratissimus</strong></span> 
     </span>
     <span class='ocr_line' id='line_1_8' title="bbox 337 1089 1419 1169; baseline -0.001 -23"><span class='ocrx_word' id='word_1_60' title='bbox 337 1101 380 1146; x_wconf 89' lang='lat' dir='ltr'><strong>cst</strong></span> <span class='ocrx_word' id='word_1_61' title='bbox 398 1090 525 1149; x_wconf 85' lang='lat' dir='ltr'><strong>laboret</strong></span> <span class='ocrx_word' id='word_1_62' title='bbox 540 1112 650 1150; x_wconf 82' lang='lat' dir='ltr'><strong>merces</strong></span> <span class='ocrx_word' id='word_1_63' title='bbox 662 1092 801 1150; x_wconf 78' lang='lat' dir='ltr'><strong>vilissima</strong></span> <span class='ocrx_word' id='word_1_64' title='bbox 815 1093 964 1150; x_wconf 79' lang='lat' dir='ltr'><strong><em>rhetorum</em></strong></span> <span class='ocrx_word' id='word_1_65' title='bbox 978 1103 1066 1169; x_wconf 83' lang='lat' dir='ltr'><strong>etque</strong></span> <span class='ocrx_word' id='word_1_66' title='bbox 1077 1093 1353 1169; x_wconf 77' lang='lat' dir='ltr'><strong>grammaticorum.</strong></span> <span class='ocrx_word' id='word_1_67' title='bbox 1376 1089 1419 1146; x_wconf 86' lang='lat' dir='ltr'><strong>Illi</strong></span> 
     </span>
     <span class='ocr_line' id='line_1_9' title="bbox 337 1183 1420 1262; baseline 0.001 -24"><span class='ocrx_word' id='word_1_68' title='bbox 337 1183 415 1239; x_wconf 90' lang='lat' dir='ltr'><strong>enim</strong></span> <span class='ocrx_word' id='word_1_69' title='bbox 433 1185 578 1242; x_wconf 87' lang='lat' dir='ltr'><strong>continuis</strong></span> <span class='ocrx_word' id='word_1_70' title='bbox 595 1203 756 1262; x_wconf 88' lang='lat' dir='ltr'><strong>puerorum</strong></span> <span class='ocrx_word' id='word_1_71' title='bbox 772 1185 874 1244; x_wconf 86' lang='lat' dir='ltr'><strong>cadem</strong></span> <span class='ocrx_word' id='word_1_72' title='bbox 890 1185 1084 1244; x_wconf 87' lang='lat' dir='ltr'><strong>recinentium</strong></span> <span class='ocrx_word' id='word_1_73' title='bbox 1096 1184 1357 1244; x_wconf 74' lang='lat' dir='ltr'><strong>declamationibus</strong></span> <span class='ocrx_word' id='word_1_74' title='bbox 1370 1201 1420 1239; x_wconf 85' lang='lat' dir='ltr'><strong>ex·</strong></span> 
     </span>
     <span class='ocr_line' id='line_1_10' title="bbox 336 1273 1417 1356; baseline 0.002 -27"><span class='ocrx_word' id='word_1_75' title='bbox 336 1273 554 1349; x_wconf 74' lang='lat' dir='ltr'><strong>munificantur,</strong></span> <span class='ocrx_word' id='word_1_76' title='bbox 569 1289 615 1350; x_wconf 91' lang='lat' dir='ltr'><strong>et,</strong></span> <span class='ocrx_word' id='word_1_77' title='bbox 631 1279 657 1334; x_wconf 92' lang='lat' dir='ltr'><strong>si</strong></span> <span class='ocrx_word' id='word_1_78' title='bbox 671 1279 755 1355; x_wconf 89' lang='lat' dir='ltr'><strong>pueri</strong></span> <span class='ocrx_word' id='word_1_79' title='bbox 766 1277 946 1354; x_wconf 82' lang='lat' dir='ltr'><strong>juvenesque</strong></span> <span class='ocrx_word' id='word_1_80' title='bbox 959 1277 1058 1336; x_wconf 88' lang='lat' dir='ltr'><strong>obtusi</strong></span> <span class='ocrx_word' id='word_1_81' title='bbox 1071 1278 1182 1356; x_wconf 79' lang='lat' dir='ltr'><strong>ingenii</strong></span> <span class='ocrx_word' id='word_1_82' title='bbox 1192 1277 1268 1336; x_wconf 87' lang='lat' dir='ltr'><strong>nihil</strong></span> <span class='ocrx_word' id='word_1_83' title='bbox 1283 1277 1317 1332; x_wconf 90' lang='lat' dir='ltr'><strong>in</strong></span> <span class='ocrx_word' id='word_1_84' title='bbox 1329 1275 1417 1333; x_wconf 84' lang='lat' dir='ltr'><strong>literis</strong></span> 
     </span>
     <span class='ocr_line' id='line_1_11' title="bbox 335 1365 1417 1447; baseline 0.001 -24"><span class='ocrx_word' id='word_1_85' title='bbox 335 1365 512 1442; x_wconf 81' lang='lat' dir='ltr'><strong>proliciunt,</strong></span> <span class='ocrx_word' id='word_1_86' title='bbox 529 1371 585 1428; x_wconf 91' lang='lat' dir='ltr'><strong>soli</strong></span> <span class='ocrx_word' id='word_1_87' title='bbox 600 1371 632 1428; x_wconf 92' lang='lat' dir='ltr'><strong>iu</strong></span> <span class='ocrx_word' id='word_1_88' title='bbox 644 1371 728 1447; x_wconf 85' lang='lat' dir='ltr'><strong>culpa</strong></span> <span class='ocrx_word' id='word_1_89' title='bbox 743 1389 804 1429; x_wconf 89' lang='lat' dir='ltr'><strong>esse</strong></span> <span class='ocrx_word' id='word_1_90' title='bbox 817 1371 973 1442; x_wconf 87' lang='lat' dir='ltr'><strong>dicuntur,</strong></span> <span class='ocrx_word' id='word_1_91' title='bbox 989 1391 1058 1444; x_wconf 87' lang='lat' dir='ltr'><strong>nec,</strong></span> <span class='ocrx_word' id='word_1_92' title='bbox 1075 1381 1109 1428; x_wconf 90' lang='lat' dir='ltr'><strong>ut</strong></span> <span class='ocrx_word' id='word_1_93' title='bbox 1123 1371 1194 1428; x_wconf 92' lang='lat' dir='ltr'><strong>olim</strong></span> <span class='ocrx_word' id='word_1_94' title='bbox 1206 1378 1417 1446; x_wconf 67' lang='lat' dir='ltr'>praeceptores,</span> 
     </span>
     <span class='ocr_line' id='line_1_12' title="bbox 336 1459 1419 1539; baseline -0.001 -24"><span class='ocrx_word' id='word_1_95' title='bbox 336 1480 352 1515; x_wconf 84' lang='lat' dir='ltr'><strong>a</strong></span> <span class='ocrx_word' id='word_1_96' title='bbox 367 1460 515 1537; x_wconf 75' lang='lat' dir='ltr'><strong>discipulis</strong></span> <span class='ocrx_word' id='word_1_97' title='bbox 529 1463 586 1521; x_wconf 90' lang='lat' dir='ltr'><strong>coli</strong></span> <span class='ocrx_word' id='word_1_98' title='bbox 599 1475 687 1539; x_wconf 89' lang='lat' dir='ltr'><strong>atque</strong></span> <span class='ocrx_word' id='word_1_99' title='bbox 699 1463 803 1536; x_wconf 83' lang='lat' dir='ltr'><strong>amari,</strong></span> <span class='ocrx_word' id='word_1_100' title='bbox 819 1462 871 1522; x_wconf 88' lang='lat' dir='ltr'><strong>sed</strong></span> <span class='ocrx_word' id='word_1_101' title='bbox 883 1459 1013 1522; x_wconf 77' lang='lat' dir='ltr'>derideri</span> <span class='ocrx_word' id='word_1_102' title='bbox 1026 1463 1075 1520; x_wconf 84' lang='lat' dir='ltr'><strong>vel</strong></span> <span class='ocrx_word' id='word_1_103' title='bbox 1090 1463 1164 1520; x_wconf 85' lang='lat' dir='ltr'><strong>adeo</strong></span> <span class='ocrx_word' id='word_1_104' title='bbox 1179 1461 1252 1520; x_wconf 74' lang='lat' dir='ltr'><strong>caedi</strong></span> <span class='ocrx_word' id='word_1_105' title='bbox 1269 1460 1384 1530; x_wconf 86' lang='lat' dir='ltr'><strong>solent;</strong></span> <span class='ocrx_word' id='word_1_106' title='bbox 1402 1481 1419 1514; x_wconf 81' lang='grc' dir='ltr'>ι</span> 
     </span>
     <span class='ocr_line' id='line_1_13' title="bbox 335 1551 1420 1634; baseline 0.001 -25"><span class='ocrx_word' id='word_1_107' title='bbox 335 1554 505 1627; x_wconf 84' lang='lat' dir='ltr'><strong>parentibus</strong></span> <span class='ocrx_word' id='word_1_108' title='bbox 520 1575 606 1628; x_wconf 81' lang='lat' dir='ltr'><strong>vero,</strong></span> <span class='ocrx_word' id='word_1_109' title='bbox 625 1556 677 1631; x_wconf 91' lang='lat' dir='ltr'><strong>qui</strong></span> <span class='ocrx_word' id='word_1_110' title='bbox 689 1575 824 1634; x_wconf 86' lang='lat' dir='ltr'><strong>magnam</strong></span> <span class='ocrx_word' id='word_1_111' title='bbox 838 1558 928 1634; x_wconf 83' lang='lat' dir='ltr'><strong>vulgo</strong></span> <span class='ocrx_word' id='word_1_112' title='bbox 947 1556 979 1614; x_wconf 92' lang='lat' dir='ltr'><strong>in</strong></span> <span class='ocrx_word' id='word_1_113' title='bbox 996 1555 1118 1613; x_wconf 79' lang='lat' dir='ltr'><strong>aedificia</strong></span> <span class='ocrx_word' id='word_1_114' title='bbox 1137 1566 1168 1613; x_wconf 90' lang='lat' dir='ltr'><strong>et</strong></span> <span class='ocrx_word' id='word_1_115' title='bbox 1187 1555 1286 1632; x_wconf 80' lang='lat' dir='ltr'><strong>epulas</strong></span> <span class='ocrx_word' id='word_1_116' title='bbox 1306 1551 1420 1628; x_wconf 88' lang='lat' dir='ltr'><strong>impen-</strong></span> 
     </span>
     <span class='ocr_line' id='line_1_14' title="bbox 335 1644 1420 1722; baseline 0.002 -22"><span class='ocrx_word' id='word_1_117' title='bbox 335 1662 411 1715; x_wconf 86' lang='lat' dir='ltr'><strong>sam,</strong></span> <span class='ocrx_word' id='word_1_118' title='bbox 434 1656 464 1702; x_wconf 91' lang='lat' dir='ltr'><strong>et</strong></span> <span class='ocrx_word' id='word_1_119' title='bbox 487 1647 597 1706; x_wconf 87' lang='lat' dir='ltr'><strong>nullam</strong></span> <span class='ocrx_word' id='word_1_120' title='bbox 613 1646 674 1705; x_wconf 80' lang='lat' dir='ltr'><strong>lere</strong></span> <span class='ocrx_word' id='word_1_121' title='bbox 691 1648 722 1704; x_wconf 91' lang='lat' dir='ltr'><strong>in</strong></span> <span class='ocrx_word' id='word_1_122' title='bbox 737 1647 939 1706; x_wconf 83' lang='lat' dir='ltr'><strong>educationem</strong></span> <span class='ocrx_word' id='word_1_123' title='bbox 962 1647 1234 1722; x_wconf 85' lang='lat' dir='ltr'><strong>institutionemque</strong></span> <span class='ocrx_word' id='word_1_124' title='bbox 1255 1644 1420 1701; x_wconf 85' lang='lat' dir='ltr'><strong>libemrum</strong></span> 
     </span>
     <span class='ocr_line' id='line_1_15' title="bbox 335 1734 1419 1816; baseline 0.002 -27"><span class='ocrx_word' id='word_1_125' title='bbox 335 1734 461 1808; x_wconf 79' lang='lat' dir='ltr'><strong>fuciunt,</strong></span> <span class='ocrx_word' id='word_1_126' title='bbox 483 1739 618 1816; x_wconf 75' lang='lat' dir='ltr'><strong>exiguam</strong></span> <span class='ocrx_word' id='word_1_127' title='bbox 638 1738 747 1797; x_wconf 82' lang='lat' dir='ltr'><strong>laboris</strong></span> <span class='ocrx_word' id='word_1_128' title='bbox 767 1738 962 1796; x_wconf 87' lang='lat' dir='ltr'><strong>molestissimi</strong></span> <span class='ocrx_word' id='word_1_129' title='bbox 984 1739 1149 1796; x_wconf 84' lang='lat' dir='ltr'><strong>mercedem</strong></span> <span class='ocrx_word' id='word_1_130' title='bbox 1169 1737 1290 1815; x_wconf 82' lang='lat' dir='ltr'><strong>capiunt</strong></span> <span class='ocrx_word' id='word_1_131' title='bbox 1310 1759 1318 1792; x_wconf 92' lang='lat'>:</span> <span class='ocrx_word' id='word_1_132' title='bbox 1342 1735 1419 1792; x_wconf 86' lang='lat' dir='ltr'><strong>unde</strong></span> 
     </span>
     <span class='ocr_line' id='line_1_16' title="bbox 335 1829 1418 1908; baseline 0.003 -25"><span class='ocrx_word' id='word_1_133' title='bbox 335 1846 488 1902; x_wconf 90' lang='lat' dir='ltr'><strong>perrarum</strong></span> <span class='ocrx_word' id='word_1_134' title='bbox 505 1841 549 1887; x_wconf 91' lang='lat' dir='ltr'><strong>est</strong></span> <span class='ocrx_word' id='word_1_135' title='bbox 568 1832 722 1908; x_wconf 86' lang='lat' dir='ltr'><strong>locupletis</strong></span> <span class='ocrx_word' id='word_1_136' title='bbox 737 1832 878 1903; x_wconf 87' lang='lat' dir='ltr'><strong>rhetoris,</strong></span> <span class='ocrx_word' id='word_1_137' title='bbox 900 1832 993 1908; x_wconf 76' lang='lat' dir='ltr'><strong>qtmlis</strong></span> <span class='ocrx_word' id='word_1_138' title='bbox 1013 1831 1210 1904; x_wconf 77' lang='lat' dir='ltr'><strong>Quintilianus</strong></span> <span class='ocrx_word' id='word_1_139' title='bbox 1229 1829 1302 1900; x_wconf 82' lang='lat' dir='ltr'><strong>fuit,</strong></span> <span class='ocrx_word' id='word_1_140' title='bbox 1321 1847 1418 1886; x_wconf 87' lang='lat' dir='ltr'><strong>exem-</strong></span> 
     </span>
     <span class='ocr_line' id='line_1_17' title="bbox 335 1921 1419 2001; baseline 0 -24"><span class='ocrx_word' id='word_1_141' title='bbox 335 1922 434 1994; x_wconf 89' lang='lat' dir='ltr'><strong>plum,</strong></span> <span class='ocrx_word' id='word_1_142' title='bbox 448 1941 477 1979; x_wconf 81' lang='lat' dir='ltr'><strong>v.</strong></span> <span class='ocrx_word' id='word_1_143' title='bbox 493 1921 659 1993; x_wconf 69' lang='lat' dir='ltr'><strong>aiio—214.</strong></span> <span class='ocrx_word' id='word_1_144' title='bbox 676 1925 716 1982; x_wconf 85' lang='lat' dir='ltr'><strong>lli</strong></span> <span class='ocrx_word' id='word_1_145' title='bbox 729 1943 817 1995; x_wconf 82' lang='lat' dir='ltr'><strong>vero,</strong></span> <span class='ocrx_word' id='word_1_146' title='bbox 831 1927 1035 1999; x_wconf 61' lang='lat' dir='ltr'><strong>grammatici,</strong></span> <span class='ocrx_word' id='word_1_147' title='bbox 1049 1925 1183 2001; x_wconf 85' lang='lat' dir='ltr'><strong>aquibus</strong></span> <span class='ocrx_word' id='word_1_148' title='bbox 1193 1942 1255 1981; x_wconf 92' lang='lat' dir='ltr'><strong>non</strong></span> <span class='ocrx_word' id='word_1_149' title='bbox 1265 1922 1419 1998; x_wconf 84' lang='lat' dir='ltr'><strong>multiplex</strong></span> 
     </span>
     <span class='ocr_line' id='line_1_18' title="bbox 334 2016 1417 2094; baseline 0.001 -24"><span class='ocrx_word' id='word_1_150' title='bbox 334 2025 448 2072; x_wconf 86' lang='lat' dir='ltr'><strong>tuntum</strong></span> <span class='ocrx_word' id='word_1_151' title='bbox 460 2027 490 2072; x_wconf 93' lang='lat' dir='ltr'><strong>et</strong></span> <span class='ocrx_word' id='word_1_152' title='bbox 499 2017 628 2093; x_wconf 82' lang='lat' dir='ltr'><strong>perfecta</strong></span> <span class='ocrx_word' id='word_1_153' title='bbox 642 2017 788 2089; x_wconf 87' lang='lat' dir='ltr'><strong>eruditio,</strong></span> <span class='ocrx_word' id='word_1_154' title='bbox 804 2018 857 2076; x_wconf 88' lang='lat' dir='ltr'><strong>sed</strong></span> <span class='ocrx_word' id='word_1_155' title='bbox 869 2037 981 2074; x_wconf 91' lang='lat' dir='ltr'><strong>summa</strong></span> <span class='ocrx_word' id='word_1_156' title='bbox 995 2037 1114 2092; x_wconf 90' lang='lat' dir='ltr'><strong>quoqne</strong></span> <span class='ocrx_word' id='word_1_157' title='bbox 1127 2016 1342 2094; x_wconf 87' lang='lat' dir='ltr'><strong>discipulorum</strong></span> <span class='ocrx_word' id='word_1_158' title='bbox 1353 2033 1417 2071; x_wconf 81' lang='lat' dir='ltr'><strong>cura</strong></span> 
     </span>
     <span class='ocr_line' id='line_1_19' title="bbox 334 2107 1418 2187; baseline 0.001 -22"><span class='ocrx_word' id='word_1_159' title='bbox 334 2108 475 2186; x_wconf 81' lang='lat' dir='ltr'><strong>exigitur,</strong></span> <span class='ocrx_word' id='word_1_160' title='bbox 489 2129 550 2168; x_wconf 90' lang='lat' dir='ltr'><strong>non</strong></span> <span class='ocrx_word' id='word_1_161' title='bbox 569 2122 682 2168; x_wconf 80' lang='lat' dir='ltr'><strong>tannnn</strong></span> <span class='ocrx_word' id='word_1_162' title='bbox 700 2111 793 2167; x_wconf 90' lang='lat' dir='ltr'><strong>nihilo</strong></span> <span class='ocrx_word' id='word_1_163' title='bbox 811 2112 877 2185; x_wconf 87' lang='lat' dir='ltr'><strong>plns</strong></span> <span class='ocrx_word' id='word_1_164' title='bbox 896 2109 1008 2187; x_wconf 78' lang='lat' dir='ltr'><strong>proemii</strong></span> <span class='ocrx_word' id='word_1_165' title='bbox 1024 2110 1140 2180; x_wconf 86' lang='lat' dir='ltr'><strong>ferunt,</strong></span> <span class='ocrx_word' id='word_1_166' title='bbox 1160 2108 1212 2166; x_wconf 87' lang='lat' dir='ltr'><strong>sed</strong></span> <span class='ocrx_word' id='word_1_167' title='bbox 1231 2107 1321 2166; x_wconf 85' lang='lat' dir='ltr'><strong>etiam</strong></span> <span class='ocrx_word' id='word_1_168' title='bbox 1337 2117 1418 2183; x_wconf 81' lang='lat' dir='ltr'><strong>parte</strong></span> 
     </span>
     <span class='ocr_line' id='line_1_20' title="bbox 334 2197 1387 2278; baseline -0.005 -19"><span class='ocrx_word' id='word_1_169' title='bbox 334 2202 505 2261; x_wconf 84' lang='lat' dir='ltr'><strong>mercedulae</strong></span> <span class='ocrx_word' id='word_1_170' title='bbox 521 2204 707 2275; x_wconf 80' lang='lat' dir='ltr'><strong>fraudantur,</strong></span> <span class='ocrx_word' id='word_1_171' title='bbox 721 2221 842 2278; x_wconf 85' lang='lat' dir='ltr'><strong>eamque</strong></span> <span class='ocrx_word' id='word_1_172' title='bbox 852 2202 903 2258; x_wconf 79' lang='lat' dir='ltr'><strong>vix</strong></span> <span class='ocrx_word' id='word_1_173' title='bbox 917 2201 979 2258; x_wconf 87' lang='lat' dir='ltr'><strong>sine</strong></span> <span class='ocrx_word' id='word_1_174' title='bbox 989 2201 1042 2258; x_wconf 88' lang='lat' dir='ltr'><strong>lite</strong></span> <span class='ocrx_word' id='word_1_175' title='bbox 1052 2201 1203 2272; x_wconf 88' lang='lat' dir='ltr'><strong>obtinent,</strong></span> <span class='ocrx_word' id='word_1_176' title='bbox 1215 2197 1387 2269; x_wconf 72' lang='lat' dir='ltr'><strong>nili-243.</strong></span> 
     </span>
    </p>
   </div>
   <div class='ocr_carea' id='block_1_3' title="bbox 598 2591 1158 2681">
    <p class='ocr_par' dir='ltr' id='par_1_3' title="bbox 598 2591 1158 2681">
     <span class='ocr_line' id='line_1_21' title="bbox 598 2591 1158 2681; baseline -0.009 -1"><span class='ocrx_word' id='word_1_177' title='bbox 598 2591 839 2680; x_wconf 81' lang='lat' dir='ltr'><strong>SATIRAE</strong></span> <span class='ocrx_word' id='word_1_178' title='bbox 866 2591 1158 2681; x_wconf 86' lang='lat' dir='ltr'><strong>SEPTIMAE</strong></span> 
     </span>
    </p>
   </div>
   <div class='ocr_carea' id='block_1_4' title="bbox 762 2771 988 2831">
    <p class='ocr_par' dir='ltr' id='par_1_4' title="bbox 762 2771 988 2831">
     <span class='ocr_line' id='line_1_22' title="bbox 762 2771 988 2831; baseline -0.004 -1"><span class='ocrx_word' id='word_1_179' title='bbox 762 2771 988 2831; x_wconf 81' lang='lat' dir='ltr'><strong>ANALYSIS.</strong></span> 
     </span>
    </p>
   </div>
   <div class='ocr_carea' id='block_1_5' title="bbox 333 2939 1415 3483">
    <p class='ocr_par' dir='ltr' id='par_1_5' title="bbox 333 2939 1415 3392">
     <span class='ocr_line' id='line_1_23' title="bbox 374 2939 1415 3016; baseline -0.001 -17"><span class='ocrx_word' id='word_1_180' title='bbox 374 2943 618 3002; x_wconf 80' lang='lat' dir='ltr'><strong>Excellentissima</strong></span> <span class='ocrx_word' id='word_1_181' title='bbox 638 2941 745 3013; x_wconf 79' lang='lat' dir='ltr'><strong>Satira,</strong></span> <span class='ocrx_word' id='word_1_182' title='bbox 766 2941 848 3016; x_wconf 84' lang='lat' dir='ltr'><strong>eujus</strong></span> <span class='ocrx_word' id='word_1_183' title='bbox 869 2941 957 2999; x_wconf 91' lang='lat' dir='ltr'><strong>lectio</strong></span> <span class='ocrx_word' id='word_1_184' title='bbox 976 2939 1101 2998; x_wconf 82' lang='lat' dir='ltr'><strong>maxime</strong></span> <span class='ocrx_word' id='word_1_185' title='bbox 1119 2941 1355 3000; x_wconf 88' lang='lat' dir='ltr'><strong>commendanda</strong></span> <span class='ocrx_word' id='word_1_186' title='bbox 1374 2953 1415 3000; x_wconf 83' lang='lat' dir='ltr'><strong>est</strong></span> 
     </span>
     <span class='ocr_line' id='line_1_24' title="bbox 333 3035 1414 3112; baseline 0.002 -20"><span class='ocrx_word' id='word_1_187' title='bbox 333 3035 382 3107; x_wconf 88' lang='lat' dir='ltr'><strong>iis,</strong></span> <span class='ocrx_word' id='word_1_188' title='bbox 399 3038 450 3112; x_wconf 90' lang='lat' dir='ltr'><strong>qui</strong></span> <span class='ocrx_word' id='word_1_189' title='bbox 466 3056 529 3096; x_wconf 91' lang='lat' dir='ltr'><strong>rem</strong></span> <span class='ocrx_word' id='word_1_190' title='bbox 544 3036 702 3095; x_wconf 78' lang='lat' dir='ltr'><strong>literarium</strong></span> <span class='ocrx_word' id='word_1_191' title='bbox 716 3035 974 3111; x_wconf 75' lang='lat' dir='ltr'><strong>scholasticemque</strong></span> <span class='ocrx_word' id='word_1_192' title='bbox 992 3036 1093 3093; x_wconf 81' lang='lat' dir='ltr'><strong>fovere</strong></span> <span class='ocrx_word' id='word_1_193' title='bbox 1109 3045 1140 3093; x_wconf 86' lang='lat' dir='ltr'><strong>et</strong></span> <span class='ocrx_word' id='word_1_194' title='bbox 1153 3047 1278 3112; x_wconf 82' lang='lat' dir='ltr'><strong>possunt</strong></span> <span class='ocrx_word' id='word_1_195' title='bbox 1290 3048 1322 3094; x_wconf 85' lang='lat' dir='ltr'><strong>et</strong></span> <span class='ocrx_word' id='word_1_196' title='bbox 1333 3036 1414 3094; x_wconf 76' lang='lat' dir='ltr'><strong>debe</strong></span> 
     </span>
     <span class='ocr_line' id='line_1_25' title="bbox 333 3125 1414 3206; baseline 0.004 -24"><span class='ocrx_word' id='word_1_197' title='bbox 333 3127 413 3183; x_wconf 84' lang='lat' dir='ltr'><strong>bant.</strong></span> <span class='ocrx_word' id='word_1_198' title='bbox 441 3129 513 3199; x_wconf 81' lang='lat' dir='ltr'><strong>Quae</strong></span> <span class='ocrx_word' id='word_1_199' title='bbox 532 3129 609 3186; x_wconf 91' lang='lat' dir='ltr'><strong>enim</strong></span> <span class='ocrx_word' id='word_1_200' title='bbox 628 3125 775 3184; x_wconf 80' lang='lat' dir='ltr'><strong>luvenalis</strong></span> <span class='ocrx_word' id='word_1_201' title='bbox 793 3127 831 3184; x_wconf 93' lang='lat' dir='ltr'><strong>de</strong></span> <span class='ocrx_word' id='word_1_202' title='bbox 849 3127 954 3185; x_wconf 86' lang='lat' dir='ltr'><strong>misera</strong></span> <span class='ocrx_word' id='word_1_203' title='bbox 973 3126 1139 3186; x_wconf 87' lang='lat' dir='ltr'><strong>studiorum</strong></span> <span class='ocrx_word' id='word_1_204' title='bbox 1155 3128 1414 3206; x_wconf 86' lang='lat' dir='ltr'><strong>studiosorumque</strong></span> 
     </span>
     <span class='ocr_line' id='line_1_26' title="bbox 334 3219 1414 3300; baseline 0.005 -25"><span class='ocrx_word' id='word_1_205' title='bbox 334 3219 503 3278; x_wconf 90' lang='lat' dir='ltr'><strong>conditione</strong></span> <span class='ocrx_word' id='word_1_206' title='bbox 513 3221 688 3299; x_wconf 85' lang='lat' dir='ltr'><strong>disputavit,</strong></span> <span class='ocrx_word' id='word_1_207' title='bbox 699 3220 738 3277; x_wconf 82' lang='lat' dir='ltr'><strong>ad</strong></span> <span class='ocrx_word' id='word_1_208' title='bbox 747 3231 847 3279; x_wconf 89' lang='lat' dir='ltr'><strong>nostra</strong></span> <span class='ocrx_word' id='word_1_209' title='bbox 858 3241 977 3298; x_wconf 90' lang='lat' dir='ltr'><strong>quoque</strong></span> <span class='ocrx_word' id='word_1_210' title='bbox 989 3231 1121 3297; x_wconf 82' lang='lat' dir='ltr'><strong>tempora</strong></span> <span class='ocrx_word' id='word_1_211' title='bbox 1131 3222 1284 3280; x_wconf 79' lang='lat' dir='ltr'><strong>transferri</strong></span> <span class='ocrx_word' id='word_1_212' title='bbox 1294 3235 1414 3300; x_wconf 77' lang='lat' dir='ltr'><strong>possunt</strong></span> 
     </span>
     <span class='ocr_line' id='line_1_27' title="bbox 334 3312 1354 3392; baseline 0 -22"><span class='ocrx_word' id='word_1_213' title='bbox 334 3313 395 3370; x_wconf 83' lang='lat' dir='ltr'><strong>sere</strong></span> <span class='ocrx_word' id='word_1_214' title='bbox 405 3313 533 3392; x_wconf 61' lang='lat' dir='ltr'><strong>singulm</strong></span> <span class='ocrx_word' id='word_1_215' title='bbox 548 3326 577 3373; x_wconf 91' lang='lat' dir='ltr'><strong>et</strong></span> <span class='ocrx_word' id='word_1_216' title='bbox 588 3334 676 3392; x_wconf 85' lang='lat' dir='ltr'><strong>quam</strong></span> <span class='ocrx_word' id='word_1_217' title='bbox 687 3315 774 3372; x_wconf 89' lang='lat' dir='ltr'><strong>multi</strong></span> <span class='ocrx_word' id='word_1_218' title='bbox 782 3315 843 3371; x_wconf 83' lang='lat' dir='ltr'><strong>haec</strong></span> <span class='ocrx_word' id='word_1_219' title='bbox 851 3313 911 3389; x_wconf 86' lang='lat' dir='ltr'><strong>jam</strong></span> <span class='ocrx_word' id='word_1_220' title='bbox 922 3313 1018 3372; x_wconf 85' lang='lat' dir='ltr'><strong>surdis</strong></span> <span class='ocrx_word' id='word_1_221' title='bbox 1029 3312 1198 3373; x_wconf 89' lang='lat' dir='ltr'><strong>cecinemnt</strong></span> <span class='ocrx_word' id='word_1_222' title='bbox 1207 3315 1354 3374; x_wconf 79' lang='lat' dir='ltr'><strong>autibus?</strong></span> 
     </span>
    </p>

    <p class='ocr_par' dir='ltr' id='par_1_6' title="bbox 510 3419 1179 3483">
     <span class='ocr_line' id='line_1_28' title="bbox 510 3419 1179 3483; baseline 0 -13"><span class='ocrx_word' id='word_1_223' title='bbox 510 3422 564 3472; x_wconf 85' lang='lat' dir='ltr'><strong>Sint</strong></span> <span class='ocrx_word' id='word_1_224' title='bbox 574 3423 732 3483; x_wconf 73' lang='lat' dir='ltr'><strong>Maeoemtes3</strong></span> <span class='ocrx_word' id='word_1_225' title='bbox 745 3436 799 3471; x_wconf 92' lang='lat' dir='ltr'><strong>non</strong></span> <span class='ocrx_word' id='word_1_226' title='bbox 810 3421 928 3481; x_wconf 85' lang='lat' dir='ltr'><strong>deerunt,</strong></span> <span class='ocrx_word' id='word_1_227' title='bbox 940 3420 1037 3482; x_wconf 79' lang='lat' dir='ltr'><strong>Flnoce,</strong></span> <span class='ocrx_word' id='word_1_228' title='bbox 1048 3419 1179 3470; x_wconf 81' lang='lat' dir='ltr'><strong>Marones!</strong></span> 
     </span>
    </p>
   </div>
   <div class='ocr_carea' id='block_1_6' title="bbox 0 0 1572 4990">
    <p class='ocr_par' dir='ltr' id='par_1_7' title="bbox 0 0 1572 4990">
     <span class='ocr_line' id='line_1_29' title="bbox 0 0 1572 4990; baseline 0 0"><span class='ocrx_word' id='word_1_229' title='bbox 0 0 1572 4990; x_wconf 95' lang='lat' dir='ltr'><strong> </strong></span> 
     </span>
    </p>
   </div>
  </div>
 </body>
</html>
