3108 4986
408 447 462 514 IN
490 445 720 514 SATIRAM
746 447 993 518 TERTIAM.
1173 471 1232 518 211

151 599 153 604 ·
197 579 262 626 Vn.
282 593 344 628 aar.
355 579 388 626 Ut
398 593 447 644 pro
457 590 494 636 et,
506 580 573 639 oonj.
585 578 754 643 lindenbrog.

195 670 265 726 Nor.
286 691 350 726 aar.
367 676 494 738 Persicus,
510 671 617 737 divitis,
631 675 705 744 cnjus
719 671 786 726 sdes
798 671 1008 744 conflagrarunt,
1022 692 1118 728 nomen
1129 676 1237 746 fictum,

162 775 194 808 eo
210 755 285 828 quod
304 756 393 810 Perse
410 756 522 821 divites3
544 767 619 808 vetus
636 755 774 810 Scholiast.
789 757 894 834 Reliqui
908 757 991 830 intpp.
1006 757 1135 830 designari
1148 776 1240 833 putant

161 839 274 893 Fabium
285 840 423 893 Persicum
433 882 441 906 ,
455 839 489 892 de
505 857 558 912 quo
569 839 624 892 vid.
636 839 670 892 ad
680 839 750 892 VIII
760 882 767 906 ,
784 846 813 903 sd
826 860 832 894 :
849 866 860 888 ι
869 841 1012 896 Enimvero
1026 856 1064 896 est
1079 856 1167 898 noster
1177 852 1238 898 Per-

162 927 227 974 sicos
241 942 312 976 nnus
325 923 450 996 idemque
467 941 529 976 oum
542 926 656 990 Asturis,
671 940 710 977 vs.
725 942 792 990 ssa,
812 921 951 996 desumpto
968 925 1108 996 agnomine
1119 945 1133 978 a
1145 944 1238 1000 gente,

163 1007 236 1061 mide
253 1008 311 1080 ipse
329 1020 375 1062 aut
393 1011 504 1080 majores
522 1010 578 1079 ejus
592 1007 721 1080 originem
737 1006 883 1060 duxerant:
905 1008 977 1080 quod
995 1010 1045 1064 nisi
1057 1031 1189 1086 quemque
1201 1019 1240 1069 rei

163 1091 242 1154 ratio,
253 1091 389 1164 totiusque
399 1091 524 1144 orationis
535 1109 617 1142 nexus
626 1090 746 1154 doceret,
759 1089 857 1142 docere
867 1089 1033 1156 debuissent,
1043 1095 1133 1148 siltem
1142 1102 1241 1170 potuis·

163 1186 220 1226 sent
235 1201 246 1219 ι
258 1173 417 1226 Asianorum
428 1186 579 1226 ornamenta
591 1175 724 1239 Deorum,
738 1199 749 1218 ι
765 1193 824 1244 quae
839 1172 942 1226 bomini
958 1177 1067 1228 Asiatico
1082 1181 1159 1250 gnavi
1174 1195 1240 1236 stre.

164 1257 265 1329 nuique
275 1257 372 1323 amici,
389 1257 435 1310 sed
449 1256 516 1311 lucri
530 1256 636 1328 cupidi,
653 1269 678 1310 et
695 1257 814 1310 orbitatis
832 1257 900 1310 bene
917 1273 1062 1328 memores,
1077 1264 1111 1316 ad
1124 1266 1242 1321 incendii

164 1339 260 1392 damna
272 1339 418 1412 “paranda
431 1341 512 1402 ultro,
522 1357 561 1394 vs.
576 1339 643 1405 218,
656 1339 772 1392 offerunt
782 1361 789 1407 ;
801 1365 812 1384 ι
824 1340 926 1394 Mauso.
946 1341 1066 1396 Persicus
1082 1347 1157 1423 plura
1172 1351 1240 1402 reci·

165 1423 222 1494 pit,
236 1424 299 1495 quia
311 1435 336 1476 et
346 1426 420 1474 orbus
433 1436 486 1485 est,
497 1423 554 1476 sine
567 1422 675 1488 liberis,
687 1434 712 1475 et
727 1426 877 1476 ditissimus:
891 1424 950 1478 dum
961 1427 1074 1481 rationes
1085 1449 1134 1482 cur
1147 1433 1171 1486 ei
1182 1436 1241 1506 plus

164 1503 308 1558 adulentur
317 1505 478 1578 heredipetas
488 1526 496 1573 3
509 1505 576 1558 sch.

200 1692 269 1739 Vn.
289 1707 349 1739 aaa.
363 1690 526 1748 Incenderat,
543 1693 661 1750 14-16,
679 1707 724 1754 19,
738 1691 779 1747 48.

201 1783 273 1838 Νοτ.
295 1802 355 1837 aaa.
371 1781 449 1838 cont.
461 1782 554 1836 similis
565 1782 639 1837 locus
649 1781 793 1845 Martialis,
803 1778 863 1848 III,
876 1781 908 1834 52
922 1804 928 1836 :

540 1913 545 1925 .
557 1913 577 1925 ..
588 1881 679 1940 .llogo;
690 1893 739 1924 non
749 1887 819 1939 potes
829 1877 962 1939 ipsvaderi

369 1954 507 2002 Incendisse
517 1965 580 2002 tuam
589 1988 596 2008 ‚
605 1953 756 2016 Tongiliane,
768 1953 883 2000 domum?

198 2041 268 2096 Nos.
290 2037 340 2092 ²23
352 2057 407 2110 seq.
422 2041 449 2090 si
459 2053 528 2105 potes
547 2039 635 2100 auelli,
652 2056 759 2103 carere,
780 2038 927 2090 Circensibus
944 2039 1023 2094 lodis.
1038 2047 1132 2108 Arelli,
1146 2036 1243 2119 obtusis,

165 2120 243 2194 qussi
260 2120 306 2184 vi,
325 2117 459 2172 violentia.
474 2116 602 2170 Proclare
619 2130 645 2170 et
662 2115 837 2189 arundineis
849 2117 883 2170 de
897 2117 988 2172 insano
1002 2118 1126 2174 ludorum
1139 2126 1244 2192 studio,

165 2201 322 2258 desumptis
335 2200 515 2272 voluptatibus
527 2199 670 2254 sodaliciis
682 2199 780 2254 Urbis:
797 2219 858 2252 nam
872 2200 983 2260 Romani
996 2199 1038 2254 bis
1049 2202 1119 2258 ludis
1132 2209 1245 2264 maxime

166 2285 373 2356 delectabantur.
386 2283 430 2335 cf.
442 2282 500 2348 VI,
511 2283 561 2352 87,
572 2281 658 2348 VIII,
673 2283 738 2346 1183
753 2281 796 2348 X,
812 2285 863 2350 do,
874 2286 924 2348 813
938 2283 995 2350 xl,
1011 2283 1043 2336 53
1053 2325 1061 2350 ,
1075 2298 1101 2339 et
1115 2287 1243 2364 ¹932qu

167 2373 247 2436 XIV,
267 2372 317 2424 aba
335 2385 390 2440 seq.
399 2389 408 2433 ;
418 2366 496 2434 I'lin.
515 2366 598 2437 EpIst.
613 2366 670 2431 lx,
683 2368 709 2418 si.
720 2395 756 2406 --
764 2371 824 2416 Sora
833 2407 841 2432 ,
850 2370 999 2430 ,subruaris
1013 2380 1038 2421 et
1048 2373 1152 2424 Frusino
1166 2377 1243 2430 nrbes

165 2455 235 2508 Latii
246 2495 254 2516 ,
268 2471 334 2525 quas
345 2452 424 2505 etiam
437 2449 574 2522 conjunxit
585 2447 664 2502 Silius
673 2488 680 2514 ,
689 2449 775 2511 VIII,
787 2449 936 2522 394—398.
945 2455 1121 2519 -Teusbrus,
1133 2454 1242 2510 domum

165 2537 331 2590 tenebrosam
341 2575 349 2600 ,
361 2546 391 2588 ut
401 2531 473 2606 apud
484 2532 648 2598 Martialem,
662 2533 708 2598 lI,
726 2537 756 2594 14
765 2568 774 2596 ,
788 2549 829 2584 ιι.

202 2723 271 2768 Vsa.
290 2727 350 2776 sot.
363 2721 477 2774 Paretur,
497 2733 543 2776 ια,
557 2731 600 2776 17,
614 2731 660 2775 ss,
670 2731 685 2762 e
698 2732 731 2762 m.
742 2731 781 2780 pr.
792 2731 834 2784 po.

203 2811 274 2864 Nor.
296 2813 356 2864 226.
376 2813 490 2860 Hortalus
508 2811 559 2872 lsie,
573 2808 601 2860 ln
618 2807 660 2860 bis
676 2797 782 2880 oppidis
800 2806 849 2866 tibi
868 2821 924 2874 est,
943 2810 985 2862 vel
1003 2811 1091 2881 potius
1112 2831 1164 2870 una
1182 2835 1243 2872 cum

166 2893 270 2960 edibus
281 2906 386 2962 ματαίαν
397 2891 490 2946 eodem
500 2891 595 2964 pretio.
606 2923 642 2932 —
652 2896 740 2942 Putem
756 2893 844 2954 breuis,
856 2909 911 2944 non
925 2893 1009 2960 altus,
1023 2879 1071 2948 rel*
1078 2898 1242 2970 profundus,

166 2999 212 3032 see
220 2993 284 3032 reste
294 2981 438 3040 mommo,
451 2976 522 3033 unde
534 2995 601 3049 aqua
615 2994 668 3030 non
682 2975 747 3030 sune
757 3017 765 3042 ‚
777 2975 824 3032 sed
836 2995 916 3030 manu
928 2991 1014 3050 potest
1023 2979 1134 3036 hauriri.

203 3163 273 3214 Vn.
293 3177 352 3222 ιη.
366 3158 593 3224 monspisatus,
612 3156 866 3226 itm-Diffunditur
874 3177 920 3226 pro
934 3161 1197 3228 defirsdtuuresuni,
1213 3188 1244 3218 ex

171 3258 221 3303 ss,
238 3247 286 3306 15,
303 3243 845 3304 16,21‚2s‚27.5t,61,63‚6s‚7s.
862 3247 898 3292 Its
916 3261 1015 3310 quoqne
1029 3248 1161 3313 legendum
1177 3257 1243 3314 conj.

166 3329 297 3381 Schmder.
704 3343 706 3347 ·

204 3421 274 3473 Nor.
294 3437 355 3489 ²²7·
369 3421 400 3468 Iu
411 3431 507 3481 tenues,
520 3429 547 3470 et
556 3416 619 3470 binc
629 3414 860 3488 rigandasploutos
871 3421 1029 3488 ds'fjimdiosr,
1041 3443 1107 3496 aqua
1124 3430 1179 3500 ejus
1194 3430 1244 3482 late

168 3521 194 3562 et
208 3505 296 3559 ubivis
309 3501 480 3575 dispergitur.

205 3601 274 3654 Nor.
296 3599 358 3651 ssd.
374 3599 450 3661 Vive,
461 3596 497 3649 sis
508 3595 563 3662 ibi,
577 3614 666 3646 amans
674 3597 791 3658 bidentis,
809 3596 914 3661 ovium,
927 3599 970 3650 vel
983 3600 1071 3672 potius
1082 3605 1177 3670 rastri,
1193 3605 1244 3659 boe

169 3697 222 3746 est,
239 3683 278 3738 rei
295 3680 418 3746 rtuticae,
432 3679 597 3752 agriculture
614 3679 738 3733 intentus.
759 3677 836 3732 Conl.
853 3677 944 3752 Heius.
963 3681 997 3734 ad
1008 3678 1088 3736 Ouid.
1108 3685 1198 3742 Amor.
1214 3691 1244 3756 1,

173 3767 223 3835 13,
237 3767 278 3820 15.
292 3765 365 3816 Beue
373 3759 487 3815 Barhrdt
499 3782 505 3814 :
518 3766 558 3812 Da
572 3763 692 3831 lebefrols
705 3764 744 3812 hei
753 3765 840 3814 deiuer
850 3765 941 3814 Hueie.

207 3947 277 3998 Vn.
297 3963 358 4009 ²²9·
369 3944 475 4010 Epulas,
494 3944 536 3993 26.
551 3942 633 3992 Cibrun
641 3941 733 4008 possis,
748 3959 788 3992 ao.
801 3971 836 3981 -
845 3943 1028 4010 Pythagoreis,
1041 3948 1116 4012 vulgo
1126 3952 1245 4004 scribom.

168 4027 217 4078 Sed
228 4029 271 4077 Gt.
286 4014 463 4088 nudandum:
474 4024 571 4072 dieitur.
1204 4013 1209 4022 ’

202 4124 273 4177 Nor.
295 4138 358 4188 sa9.
371 4119 454 4191 Cujus
462 4118 533 4170 horti
544 4117 673 4170 fructibus
683 4127 790 4171 centum
800 4117 869 4169 alere
880 4118 964 4189 possis
973 4117 1101 4176 homines.
1112 4155 1147 4165 -
1155 4131 1247 4191 Pytha.

165 4211 236 4278 gores'
247 4205 385 4268 oleribus,
400 4195 490 4256 herbis
503 4200 733 4272 leguminibusque
746 4201 880 4274 plerisque
894 4203 1083 4258 vescebantur:
1099 4219 1125 4258 at
1137 4213 1247 4280 quihus.

1041 4297 1088 4370 πά,
