3056 4984
496 397 685 466 sauma
705 403 878 475 SEXTA.
1155 421 1216 487 381

152 505 229 573 ileo
244 508 354 600 poscit
366 508 496 582 serrum
510 527 611 611 atque
625 518 735 613 ignes,
750 521 821 592 haec
834 525 928 617 potio
941 540 1077 624 torquet
1092 558 1101 602 ε

151 613 231 684 llec
246 615 373 688 lacerat
386 622 506 693 mixtos
519 629 681 721 Equitum
696 655 773 700 cum
787 637 947 729 sanguine
961 639 1086 714 Patres.
1166 665 1218 718 aas

151 723 249 792 Tanti
264 743 381 822 partus
396 730 507 827 equael
524 737 609 806 tanti
624 761 692 806 una
704 740 855 812 venefica
870 748 1020 817 constat?

195 831 356 906 Oderunt
370 855 466 910 natos
480 840 523 912 de
537 843 675 938 pellice3
691 873 792 918 uerno
807 870 990 947 repugnet,

147 941 260 1011 Nemo
274 961 368 1016 vetet
383 973 392 1017 ε
404 949 474 1042 jam
486 951 556 1044 jam
572 958 765 1051 privignum
780 960 934 1031 occidere
950 962 999 1034 fas
1013 983 1073 1038 est.

147 1050 318 1147 vosego,
335 1058 473 1152 pupilli,
490 1086 629 1150 moneo,
647 1066 768 1160 quibus
783 1069 925 1165 amplior
942 1089 993 1144 est
1009 1100 1076 1165 res,
1125 1143 1127 1148 .

147 1162 326 1233 Custodite
342 1169 485 1258 animas,
501 1187 537 1241 et
552 1173 635 1244 nulli
651 1177 780 1246 credite
796 1205 930 1253 mensae.
1165 1210 1217 1264 σεο

146 1268 266 1340 Livida
282 1290 435 1346 materno
451 1277 586 1350 fervent
601 1283 733 1377 adipata
748 1310 890 1357 veneno.
1159 1285 1162 1290 ¹

146 1381 304 1453 Mordeat
320 1399 398 1454 ante
414 1385 550 1482 aliquis,
568 1392 732 1488 quidquid
748 1402 940 1490 porrexerit
956 1401 1030 1492 illa,

144 1488 229 1577 Quae
246 1495 404 1587 peperit:
421 1497 561 1568 timidus
576 1519 757 1596 praegustet
775 1507 895 1600 pocula
912 1535 1046 1609 pappas.

192 1601 367 1696 Fingimus
382 1606 472 1693 hec,
487 1607 591 1678 altum
608 1611 707 1680 satira
722 1633 876 1686 sumente
893 1622 1098 1696 cothurnum
1165 1625 1168 1628 ⁵

143 1708 299 1797 Scilicet,
316 1729 351 1782 et
367 1714 469 1782 finem
486 1718 609 1810 egressi
625 1717 800 1816 legemque
816 1727 968 1819 priorum
1160 1753 1210 1824 635

143 1817 283 1906 Grande
298 1821 489 1917 Sophocleo
506 1847 641 1894 carmen
657 1826 859 1901 bacchamur
875 1836 986 1927 biatu,

142 1927 320 1998 Montibus
336 1930 490 2026 ignotum
507 1933 642 2004 Rutulis
658 1937 810 2033 coeloque
827 1945 959 2015 Latino.

141 2037 215 2107 Nos
230 2040 360 2108 utinam
377 2039 469 2113 venii
488 2045 547 2113 sed
561 2044 683 2116 clamat
697 2050 835 2120 Pontia:
850 2056 970 2143 «Feci,

143 2148 335 2240 Confiteor,
351 2154 531 2250 puerisque
546 2157 629 2226 meis
643 2158 776 2228 aconita
791 2163 921 2255 paravi,

141 2385 173 2424 ac
190 2366 264 2436 tela,
280 2368 387 2442 quibus
404 2369 435 2425 in
451 2371 583 2429 homines
597 2373 724 2447 seviret,
741 2379 917 2452 postulabat;
938 2393 1067 2441 senatum
1081 2397 1110 2444 et
1121 2407 1210 2464 eque·

142 2471 229 2516 strem
243 2459 377 2518 ordinem
392 2461 551 2520 tristissima
564 2463 728 2523 carnificina
740 2468 871 2527 laniabat
888 2473 980 2529 Tanto
993 2477 1088 2550 pretio
1105 2481 1211 2541 emitur

142 2569 232 2608 mum
243 2551 446 2628 hippomanes,
458 2565 540 2612 tanto
550 2546 609 2612 uria
618 2555 760 2614 venefica!

179 2643 250 2700 626.
271 2645 409 2703 Mulieres
420 2644 536 2704 oderint
547 2645 638 2719 lilios,
651 2667 706 2724 per
716 2668 763 2708 me
775 2651 860 2725 licet,
873 2645 947 2730 quos
957 2675 992 2714 ex
1003 2659 1097 2735 eliqua
1108 2665 1209 2738 pellice

141 2734 262 2792 maritus
275 2735 402 2811 ipsarum
413 2737 583 2813 msceperit;
601 2739 657 2795 hoc
669 2739 724 2796 illis
737 2744 924 2818 concedetur3
940 2767 1026 2806 nemo
1037 2753 1207 2825 prohibeat:

140 2847 232 2905 prope
241 2827 301 2903 jam
313 2829 414 2887 iisdem
425 2831 542 2907 impune
556 2831 623 2888 licet
632 2832 765 2890 virorum
776 2833 851 2893 lilios
861 2857 896 2896 ex
907 2841 961 2897 ulia
975 2842 1101 2918 legitima
1116 2866 1208 2907 uxore

140 2931 286 2996 susceptos
296 2920 459 2980 interlicere
472 2944 479 2980 :
492 2933 522 2978 at
536 2924 593 2980 suis
609 2923 735 2998 ipsarum
748 2925 813 2984 liliis
831 2944 958 3004 pareant.
981 2936 1043 3010 Ego
1062 2956 1134 2997 vero
1154 2961 1207 2999 vos

140 3031 199 3070 esse
209 3013 436 3085 monitosvolo‚
454 3015 570 3090 pupilli,
587 3017 692 3092 quibus
708 3037 776 3092 opes
789 3020 876 3077 solito
886 3022 1008 3096 majores
1019 3027 1205 3104 obtigerunt,

139 3117 172 3164 ut
183 3107 252 3163 vitae
263 3119 365 3166 vestm
378 3109 531 3166 oonsulatis
542 3151 551 3178 ,
566 3127 660 3183 neque
671 3111 780 3168 oblatus
790 3111 822 3168 in
832 3116 936 3172 mensis
946 3119 1109 3192 promiscue
1120 3124 1206 3200 dapes

139 3197 293 3275 attingatis.
313 3200 379 3268 llla,
396 3219 459 3274 que
471 3200 563 3257 cernis
574 3201 666 3257 livido
677 3202 776 3259 colore
786 3204 892 3261 suffusa
903 3207 1024 3280 imula,
1040 3211 1158 3290 pinguia
1174 3217 1206 3273 iu

139 3291 263 3364 speciem
280 3301 310 3347 et
327 3291 419 3366 probe
435 3291 730 3363 condita,*venenum
746 3313 761 3350 e
777 3297 879 3353 vestris
891 3301 1030 3358 matribus
1043 3303 1222 3365 immixtum.

139 3393 167 3438 et
179 3382 326 3440 fervidum
341 3392 450 3459 tegunt.
470 3388 580 3442 Auctor
593 3383 683 3461 igitur
694 3386 779 3441 vobis
791 3406 870 3459 sum,
888 3400 923 3445 ut
934 3391 1031 3463 cibos,
1052 3415 1204 3470 quoscum.

139 3492 195 3548 que
209 3486 301 3532 mater
311 3476 395 3533 vobis
413 3475 565 3546 obtulerit,
583 3477 686 3552 aliquis
701 3489 766 3535 ante
784 3479 931 3555 degustet,
947 3502 979 3540 uc
991 3504 1077 3543 senex
1092 3490 1203 3564 sepiens

139 3576 167 3621 et
177 3565 285 3624 amictus
297 3575 408 3642 pateras
421 3585 482 3622 nou
493 3567 554 3624 sine
565 3568 670 3626 timore
680 3569 857 3643 primoribus
869 3573 957 3630 labris
968 3575 1083 3634 delibet.

178 3657 246 3726 631..
268 3659 362 3714 Erunt
376 3658 496 3716 forusse
514 3659 565 3733 qui
581 3670 683 3734 putent
700 3673 828 3719 monstra
848 3664 907 3721 baec
925 3667 1063 3724 scelerum
1082 3689 1099 3725 a
1117 3672 1202 3731 nobis

138 3749 226 3827 fingi,
243 3769 355 3824 uosque
373 3751 482 3826 tragico
500 3769 596 3820 ruore,
614 3752 704 3809 instet·
717 3753 868 3830 Sophoclis
879 3757 1201 3838 alicujus,·declamare,

138 3862 170 3898 ac
196 3843 275 3898 nulla
297 3841 408 3900 tutione
428 3841 526 3899 babitu
547 3843 754 3914 terminorum,
778 3844 854 3902 intra
872 3867 944 3923 quos
964 3849 1071 3906 satirici
1089 3864 1200 3913 veteres

140 3935 349 4007 consistebant,
369 3933 474 4012 flagitia
492 3936 639 3993 montibus
657 3936 771 3994 Rutulis
788 3938 905 4013 ignote,
926 3959 979 3997 nec
996 3941 1028 3997 in
1047 3944 1129 4003 Latio
1144 3965 1200 4003 uu-

140 4047 222 4102 quam
233 4030 309 4100 visa,
323 4047 429 4104 magno
438 4047 490 4086 ore
504 4040 533 4086 et
545 4029 717 4086 cothurnato
728 4031 802 4106 stylo
814 4031 984 4090 describere.
1000 4035 1117 4093 Utinam
1127 4058 1198 4099 vero

138 4119 188 4180 iste
206 4121 396 4200 fingeremus!
414 4120 464 4179 sed
484 4139 549 4181 eece
568 4121 670 4180 Pontia
690 4125 784 4198 palem
805 4135 834 4182 et
855 4135 953 4204 aperte
973 4145 1003 4186 se
1024 4129 1083 4188 haec
1100 4130 1199 4192 iecisse
