3134 4990
335 461 401 526 600
495 457 667 524 VARIAE
691 453 982 524 LECTIONES
1005 457 1068 524 ET
1089 457 1245 524 NOTAE

333 571 492 626 mercedem.
507 570 638 626 Praeclara
653 581 680 624 et
694 568 952 624 coneummatiaeima
963 571 1085 642 pictura,
1098 571 1143 624 cui
1153 569 1345 643 exquirititeiuti
1353 587 1405 624 cc-

332 655 402 708 loree
413 653 519 708 inducti
531 665 609 719 eunt,
622 671 690 725 quoe
708 654 763 706 iere
774 652 896 724 ringuloe
907 652 942 707 ad
952 653 1072 725 iniquam
1082 653 1264 725 miseramque
1274 651 1403 706 conditio·

332 757 393 792 nem
409 759 518 805 eorum,
533 738 579 810 qui
589 750 681 792 nostra
693 748 771 791 tetate
781 737 910 810 puerilem
920 749 1024 792 atatem
1033 748 1112 809 utque
1121 739 1294 810 juventutem
1304 735 1402 789 echelu-

331 823 426 875 sticam
437 821 471 874 ad
482 822 675 875 humanitatem
686 820 845 882 informant,
864 819 1074 875 adumbrandam
1087 821 1226 875 treurierri
1238 819 1404 893 pome,quia

331 923 388 958 non
397 904 474 959 videt
482 905 494 958 i

365 999 433 1054 Nor.
456 999 516 1054 150.
535 1001 607 1054 Vide
616 1003 683 1055 Var.
692 1001 1035 1065 Lect.—Declamare,hoc
1044 1013 1096 1066 eet,
1105 996 1306 1052 exercitationia
1313 1011 1407 1048 caum

331 1082 430 1147 dicere,
441 1095 468 1136 et
482 1096 650 1156 argumenta,
661 1084 704 1138 vel
716 1085 796 1144 ficte,
810 1084 853 1136 vel
866 1101 946 1149 vera,
961 1083 1089 1147 themata,
1103 1083 1159 1137 eive
1171 1082 1269 1142 thesea,
1282 1090 1409 1142 mamare,

330 1165 557 1220 dccenerhetoree.
567 1197 603 1206 -
613 1171 719 1218 Pectora
725 1169 815 1233 ferrea
822 1202 831 1230 ,
842 1167 931 1218 omnia
944 1166 1045 1218 laboris
1057 1165 1267 1237 patientissima,
1281 1173 1309 1214 et
1321 1160 1408 1213 omnir

332 1247 390 1300 iere
401 1265 496 1300 censue
506 1247 672 1318 affectusque
680 1247 810 1318 expertia,
817 1247 906 1317 qualia
914 1245 1012 1300 debent
1021 1266 1077 1302 ecee
1086 1246 1248 1310 rhetoribus,
1255 1242 1409 1314 nostrisque

333 1331 420 1383 lutetia
431 1331 543 1402 puerili·
556 1330 700 1403 magistris.
715 1329 788 1383 Vide
801 1328 836 1383 ad
849 1330 876 1395 Ι,
891 1328 933 1382 3ι.
951 1360 986 1371 -
1004 1334 1116 1392 Verrius,
1133 1328 1293 1383 clarissimus
1305 1326 1408 1390 rhetor,

331 1412 495 1479 formidem,
510 1413 608 1486 dequo
618 1413 690 1466 Pliu.
702 1413 815 1478 XXlX,
825 1431 838 1465 1
849 1429 856 1466 :
868 1437 880 1460 ι
888 1411 999 1466 Vectiua
1008 1412 1107 1464 Valene
1117 1411 1249 1464 adulterio
1259 1409 1408 1463 Messalinae

330 1493 437 1546 Claudii
452 1494 564 1548 Cetaria
578 1494 750 1556 nobilitatae,
765 1495 918 1566 pariterque
928 1494 1084 1565 eloquentie
1097 1491 1246 1548 adnectetur
1255 1491 1344 1546 initu
1357 1491 1408 1544 hoc

330 1576 391 1629 loco
402 1594 452 1647 pro
464 1577 560 1646 quotie
570 1576 687 1630 rhetore.
699 1576 778 1631 Coni.
795 1579 861 1630 Var.
874 1577 950 1632 Lect.

366 1673 435 1726 Nou.
458 1672 516 1726 151.
538 1675 630 1725 Classis
642 1693 772 1725 numerosa
784 1677 890 1743 perimit
901 1694 978 1727 soevor
990 1689 1104 1741 &menos
1120 1673 1193 1728 elicta
1210 1673 1268 1728 iere
1280 1684 1361 1736 eunt,
1377 1685 1408 1724 ut

331 1757 360 1818 l,
373 1758 405 1808 16
414 1796 422 1822 ,
432 1758 558 1808 eonsilium
571 1759 682 1830 dedicare
693 1760 768 1808 cutte
778 1796 785 1822 ,
797 1769 839 1823 ut,
851 1768 904 1810 etc.
918 1774 970 1828 pro
984 1757 1094 1828 :ingene
1105 1756 1301 1827 discipulorum
1312 1773 1407 1809 nume·

331 1855 376 1890 rue
384 1837 531 1903 declamat,
544 1839 589 1892 vel
600 1839 698 1894 recitat
708 1839 844 1892 oratione·
858 1837 892 1892 de
905 1838 1065 1910 perimendis
1077 1839 1215 1912 tyrannim
1227 1835 1304 1909 quod
1317 1837 1406 1890 therua

330 1922 424 1974 rhetor
438 1921 491 1974 illia
507 1921 678 1975 mactandum
696 1920 816 1976 dederet.
830 1921 885 1976 Tot
900 1920 1108 1974 declamationes
1123 1935 1150 1976 et
1165 1919 1273 1993 quidem
1287 1918 1405 1992 ejudem

330 2005 496 2074 argumenti,
509 2004 598 2058 ioman
610 2017 637 2058 et
647 2003 760 2058 dictatae
771 2005 946 2077 emugietrie,
953 2005 1138 2077 memoriaeque
1150 2003 1272 2067 traditas,
1282 2005 1345 2077 quia
1356 2022 1405 2076 pa·

329 2084 426 2138 tienter
434 2084 542 2152 audiat,
552 2086 604 2139 niti
614 2083 802 2158 χαλκιοκάρδιος
811 2083 1005 2159 etmelepe'qpci,
1016 2088 1060 2141 cui
1070 2088 1153 2141 robur
1162 2099 1188 2140 et
1199 2105 1235 2138 tea
1246 2085 1345 2157 triplex
1354 2087 1404 2141 cir

332 2187 392 2222 cum
401 2181 494 2240 pectue
504 2169 557 2222 eit?
566 2171 731 2242 Argumenta
740 2185 847 2242 quoque
855 2188 947 2223 earum
957 2171 1111 2242 spectabant
1120 2171 1176 2224 iere
1186 2167 1332 2239 advitam,
1346 2189 1404 2224 mo·

330 2269 373 2305 nee
383 2262 409 2303 et
420 2251 492 2306 facta
504 2252 629 2316 heroum,
643 2251 677 2305 ud
686 2253 846 2324 questiones
857 2265 883 2306 et
891 2271 944 2314 rea,
956 2252 1084 2306 advitam
1095 2271 1190 2325 parom
1200 2254 1402 2311 fractumue.-

331 2339 431 2387 'classes
440 2336 552 2408 proprie
561 2347 624 2388 eunt
633 2335 738 2389 ordinee
747 2354 893 2408 puerorum
901 2335 1021 2408 ejusdem
1034 2337 1139 2390 achole.
1152 2335 1224 2390 Vide
1237 2337 1364 2404 Quinctil.
1373 2337 1403 2401 1,

333 2436 364 2484 a,
376 2417 401 2470 3.
413 2418 543 2489 vulgaria
555 2430 643 2471 autem
654 2418 783 2483 themata,
797 2437 844 2472 eeu
855 2427 1011 2490 argumenta
1023 2417 1146 2472 ficturum
1160 2435 1331 2485 centaurum,
1343 2435 1405 2490 quae

327 2498 361 2550 in
374 2500 472 2554 echolie
482 2499 622 2555 rhetorum
632 2501 826 2567 tractabantur,
840 2500 1048 2574 tyrannicidium
1058 2511 1085 2555 et
1097 2499 1327 2574 tyrannicidarum
1336 2519 1405 2574 prte-

332 2582 386 2636 mia
400 2582 483 2636 inere.
497 2593 506 2618 ¹

366 2729 435 2776 Vn.
456 2729 515 2779 itt.
533 2729 642 2797 ij'eret
653 2733 764 2780 revocavi
775 2747 807 2780 ex
817 2733 860 2794 ab,
878 2748 937 2780 am.
950 2747 998 2781 rec.
1011 2741 1057 2791 nt,
1070 2732 1112 2791 25,
1125 2747 1171 2795 27,
1182 2739 1222 2791 tp,
1233 2729 1274 2790 50,
1283 2727 1404 2787 §lt-58,

331 2809 445 2872 eo-ct,
455 2822 571 2876 qr-pt,
582 2831 623 2876 77,
632 2823 657 2862 et
665 2814 781 2864 omnibus
789 2814 867 2863 Godd.
877 2815 951 2862 Paria.
963 2811 1404 2880 ij'emt,16;perferetalii‚etiam

331 2892 442 2942 Hennin.
456 2893 525 2958 quod
533 2894 598 2942 adh.
607 2895 656 2944 loc.
664 2895 783 2957 alienum,
793 2895 946 2944 certeminue
955 2905 1038 2960 aptum
1047 2895 1153 2956 videtur,
1162 2910 1243 2962 neque
1252 2893 1404 2959 explicitum

331 2972 362 3022 ab
375 2975 421 3038 liu,
432 2977 524 3040 quibua
534 2977 662 3042 probatur.
673 3006 709 3016 —
723 2977 835 3042 Vocibus,
851 2981 893 3028 16.

364 3065 433 3120 Nor.
455 3069 522 3134 152,
537 3067 595 3124 153.
613 3071 679 3119 Nam
694 3086 850 3140 quercumque
859 3073 943 3122 redens
958 3072 1031 3121 modo
1046 3074 1140 3138 legerat
1152 3069 1247 3124 charte
1260 3087 1401 3124 uumerus!

331 3146 540 3219 discipulorum,
554 3163 585 3203 ut
597 3151 731 3204 memorite
740 3150 875 3224 infigeret,
889 3155 941 3204 lucc
951 3155 1037 3204 eadem
1046 3166 1115 3202 stone
1128 3153 1206 3220 (nam
1216 3163 1319 3206 etantee
1326 3151 1400 3206 dice·

330 3231 405 3301 hant)
411 3232 556 3300 proferetiu
570 3231 701 3306 medium,
714 3232 798 3298 dicct,
809 3233 983 3299 declamabit,
992 3247 1068 3302 acque
1076 3237 1162 3285 eadem
1171 3237 1296 3296 meabit,
1308 3235 1400 3288 recita·

329 3313 371 3368 hit
378 3352 387 3379 ,
402 3315 487 3364 iisdem
498 3317 618 3380 versitas,
631 3315 734 3381 incisis,
749 3315 878 3388 periodis,
893 3317 935 3370 vel
948 3315 1075 3370 membris
1087 3315 1216 3369 orationi·
1226 3319 1302 3385 (nam
1311 3335 1400 3369 cerrus

329 3395 410 3448 etiam
422 3401 513 3458 κῶλον,
527 3397 692 3464 menbrum,
704 3395 805 3454 dicitur
813 3401 840 3468 ),
854 3399 949 3470 q'uibue
958 3397 1051 3452 aedene
1063 3399 1178 3469 legerat,
1191 3399 1235 3452 vel
1246 3399 1293 3452 alii
1304 3400 1400 3453 recita·

330 3489 436 3545 verant3
449 3491 551 3538 utmox
561 3485 657 3532 crambe
667 3484 784 3548 repetita,
797 3480 922 3557 relapod
931 3482 1039 3536 Terent.
1050 3481 1159 3536 Phorm.
1171 3481 1232 3542 111,
1245 3500 1272 3550 a,
1287 3501 1329 3549 ro,
1337 3503 1400 3534 eoe-

749 3653 978 3676 mmm

363 3787 372 3810 ¹
392 3783 449 3828 lloec
470 3791 496 3828 et
516 3780 563 3828 alia
584 3788 753 3828 memorantur
773 3779 837 3827 inira
880 3779 917 3826 tio
927 3794 933 3825 :
945 3794 961 3827 ο
975 3778 1061 3838 Vecti,
1078 3793 1137 3826 aune
1152 3786 1180 3826 tu
1196 3779 1306 3840 ferreus,
1321 3795 1395 3844 quem

327 3875 350 3904 v.
366 3858 514 3921 itio-120,
530 3874 598 3924 aupr.
613 3859 638 3919 i,
657 3861 688 3909 ιδ
704 3867 754 3924 atq.
769 3869 795 3906 et
805 3857 836 3906 ab
880 3871 932 3904 uon
945 3857 1033 3921 frangit
1045 3855 1152 3904 docendi
1166 3855 1251 3917 labor,
1262 3873 1339 3921 quurn
1351 3859 1395 3906 ille

327 3945 425 3984 unctme
440 3937 505 3986 Dinl.
521 3937 552 3986 de
568 3938 636 3986 Orat.
648 3953 670 3986 e.
689 3939 737 3998 3⁵5
753 3937 835 3986 Seuer.
880 3946 930 3983 tum
941 3935 1072 3997 duruerit,
1093 3946 1122 3983 ut
1131 3935 1204 3984 etiem
1216 3952 1296 3986 moe
1307 3948 1392 4001 tynn-

325 4014 523 4077 Controv.V11,
540 4027 564 4069 et
576 4015 695 4079 Quinctil.
709 4017 736 4064 iu
748 4017 834 4065 Decla-
879 4013 1094 4076 noaexcarnificet,
1100 4015 1331 4080 iiaquegraviaeime
1336 4015 1390 4064 viu-

326 4100 393 4140 matt.
405 4101 430 4138 et
439 4096 550 4155 lnacll,
562 4113 607 4156 ro,
617 4103 648 4157 t,
662 4106 687 4146 et
698 4092 799 4148 Petron.
811 4111 834 4144 r.
877 4094 947 4143 dictae
956 4111 986 4143 ac
997 4110 1075 4160 pinne
1084 4095 1141 4144 loco
1153 4089 1167 4142 i
1179 4095 1228 4144 dit·
1238 4097 1390 4161 impouamr,

325 4169 409 4217 Minue
423 4169 550 4234 probanda
568 4175 672 4224 aliorum
689 4175 834 4238 interprete·
876 4183 904 4222 ut
917 4175 1039 4239 Dionysio
1050 4173 1136 4223 Sicilire
1148 4183 1265 4239 tyranno.
