3108 4986
396 411 452 476 IN
479 409 712 476 SATlltAM
738 409 987 492 TERTIAM.
1164 439 1225 481 221

147 520 249 593 sliqnid
262 525 421 594 defimdunr,
432 523 557 578 deorsum
569 523 700 591 fundunt,
709 523 846 598 duriciam.
860 555 896 566 -·
909 529 1006 594 Pelves,
1014 525 1067 581 boc
1075 539 1126 595 est,
1135 529 1229 584 lotium

151 615 175 656 et
184 617 302 674 etmcus,
314 609 359 661 vel
374 607 478 675 sordes,
490 627 550 680 qun
560 609 588 661 in
601 608 706 661 matulis
721 619 791 661 sunt.
808 614 896 676 optes,
911 621 942 661 ut
955 608 1014 663 bec
1028 610 1115 682 potius
1132 611 1228 666 desun-

152 685 256 752 dsntnr,
267 708 352 762 quem
364 691 420 762 ipsa
432 709 507 756 vasa,
521 691 564 744 vel
574 689 648 742 dure
663 709 808 764 gravesque
819 703 906 758 teste3
921 703 951 744 nt
960 693 1034 745 minu
1048 693 1135 765 potius
1146 707 1172 748 et
1184 715 1230 748 er·

151 771 290 824 erementis
301 772 467 845 inquineris,
480 791 560 844 quam
571 771 634 843 ipris
643 772 712 824 rusie
720 773 846 846 testisque
853 771 962 847 dq'ectie
970 772 1109 829 occideris.

185 953 252 1000 Vn.
272 955 333 1015 278.
350 954 415 1020 Quia
428 954 521 1003 nullum
533 953 638 1002 molebat
650 953 770 1002 lubinus.

186 1043 272 1097 Asin.
303 1045 456 1114 278-301.
477 1045 557 1098 Aliud
569 1044 728 1098 describitur
740 1043 889 1116 periculum
902 1045 1065 1118 pauperibus
1079 1045 1232 1120 impendens

154 1123 321 1195 ajuvenibus
335 1125 416 1178 ebriis
436 1145 466 1178 rc
485 1125 681 1198 petulantibus,
702 1123 748 1195 qui
762 1123 897 1176 comisseri
914 1117 1090 1200 (κυμίζιιι),
1110 1125 1162 1179 boc
1178 1139 1230 1193 est,

153 1218 210 1278 post
224 1207 452 1279 computationem
469 1220 623 1260 nocturnam
645 1225 694 1279 per
714 1205 796 1258 Urbis
812 1206 886 1260 vicos
904 1208 1011 1279 rugari,
1034 1221 1060 1262 et
1079 1228 1133 1262 non
1152 1211 1233 1265 modo

154 1295 212 1341 cum
223 1288 299 1342 tedis
308 1303 334 1343 et
345 1291 505 1364 symphonia
514 1331 522 1357 ,
533 1291 576 1344 vei
587 1290 621 1343 nd
632 1291 710 1344 amici
719 1289 856 1362 enjusdam
865 1331 872 1356 ,
886 1291 929 1344 vei
940 1291 974 1344 sd
983 1293 1131 1364 puellarum
1139 1294 1233 1348 domos

155 1373 203 1436 ire,
213 1375 379 1445 jruusmque
392 1375 497 1446 pulsare
510 1385 555 1425 rut
569 1373 725 1447 effringere,
739 1371 785 1426 sed
796 1373 873 1425 etium
886 1371 1032 1426 invalidum
1043 1393 1175 1450 quemque
1183 1377 1232 1429 ob·

154 1457 255 1508 riorum
267 1475 365 1511 vexere
373 1471 399 1511 et
407 1458 556 1531 corripere,
566 1455 728 1510 redeuntesr
741 1475 813 1509 crena
823 1455 977 1523 verbemre,
987 1477 1018 1511 rc
1027 1461 1233 1530 repugnantibus

156 1541 259 1594 minem
273 1542 396 1615 infligere
414 1543 532 1595 solebant
543 1564 550 1608 ;
569 1540 641 1615 quod
652 1539 686 1594 de
699 1541 804 1594 Nerone
817 1553 842 1594 et
854 1541 976 1608 Othone,
994 1561 1061 1614 quos
1074 1555 1151 1615 poete
1167 1543 1233 1598 sorte

155 1626 280 1696 respexit,
293 1627 415 1680 referunt
425 1626 533 1679 Sueton.
546 1626 609 1678 Ner.
626 1627 676 1691 26,
690 1635 716 1677 et
724 1623 788 1678 Otb.
800 1643 833 1689 ν,
847 1624 910 1678 Tac.
920 1625 989 1677 Ann.
1002 1625 1088 1691 XIII,
1100 1625 1150 1692 55,
1162 1625 1230 1680 Plin.

155 1707 236 1774 xm,
250 1729 302 1774 υ,
316 1727 365 1762 seu
380 1707 430 1772 43,
446 1721 511 1762 extr.
528 1710 580 1762 Dio
591 1721 616 1762 et
629 1707 760 1780 Xipbilin.
774 1737 810 1746 -
822 1707 892 1759 Huic
902 1705 1042 1760 bominum
1054 1709 1142 1780 generi
1156 1709 1233 1781 plane.

151 1791 206 1845 bec
215 1793 296 1844 verba
309 1792 493 1845 conveniunt:

466 1897 478 1915 ι
485 1875 575 1936 DepuIs
584 1875 639 1936 plue
648 1873 719 1920 d'une
728 1873 832 1920 semeiae
841 1905 848 1924 .

339 1972 352 1991 ι
359 1953 388 1997 Ie
397 1951 443 1996 u'si
453 1949 538 1995 trouve?
546 1965 667 2011 personne
677 1949 690 1994 I
700 1949 742 2011 qui
751 1963 849 2009 rumpre
857 1949 890 1994 les
900 1963 940 2002 os3

342 2045 356 2065 ι
363 2027 397 2071 Le
406 2025 507 2086 signem·
515 2024 546 2071 de
555 2039 612 2070 mon
622 2023 677 2070 bras
688 2039 713 2069 se
722 2021 783 2084 perd
792 2021 850 2068 dans
860 2021 883 2067 le
893 2035 976 2082 repos:

468 2119 480 2139 ι
487 2102 517 2146 Et
525 2100 551 2160 je
560 2099 661 2146 chercbe
671 2099 774 2160 quelque
782 2097 827 2144 dos

467 2195 480 2214 ι
488 2175 552 2220 Pour
562 2189 600 2220 me
611 2183 723 2222 nmettre
732 2189 761 2220 en
772 2171 872 2219 beleine.
882 2191 895 2210 n

159 2266 274 2326 ledere,
286 2264 433 2332 Ampkyr„
446 2261 581 2325 rct.1‚sc.
593 2279 618 2314 r.
632 2260 684 2312 En.
703 2289 739 2300 -
756 2263 808 2310 Dat
814 2277 916 2327 penas,
930 2257 997 2310 rdeo
1007 2256 1183 2312 discrucietur
1193 2261 1234 2314 in·

155 2344 610 2419 digneturque,sinemoeiobrirm
618 2342 721 2401 reniet,
730 2359 810 2413 quem
819 2340 920 2394 cedere
927 2341 1025 2412 possit,
1033 2353 1063 2392 ut
1071 2357 1105 2394 ne
1113 2359 1234 2396 somnum

160 2430 266 2502 quidem
276 2430 374 2503 capiat.
388 2429 495 2481 Summe
503 2427 648 2500 juventutis
656 2425 790 2498 protervia
800 2441 957 2494 morumque
965 2423 1113 2496 corruptele
1122 2425 1236 2496 graviter

157 2513 328 2567 danibitur.

193 2697 262 2744 Vn.
281 2712 343 2759 ²79·
358 2695 460 2742 Noctem
472 2704 497 2742 et
503 2691 611 2757 potitur,
629 2707 671 2739 ro.

194 2785 266 2839 Nor.
294 2803 362 2856 279,
381 2785 443 2840 280.
465 2785 525 2837 Non
538 2784 620 2855 magis
632 2781 749 2835 dormire
761 2791 861 2853 potest,
880 2798 960 2853 quam
977 2782 1091 2841 Pelides,
1111 2780 1163 2834 boc
1178 2795 1235 2846 ert,

161 2870 292 2936 Achilles,
306 2871 383 2921 amici
387 2908 397 2931 ,
413 2868 541 2930 Patrocli,
552 2879 664 2919 mortem
676 2869 775 2934 iugens,

317 2951 431 3015 ‘Amr’
446 2952 488 3014 iri
502 2970 571 3014 ιλιι
599 2949 604 2974 '
630 2947 827 3027 urms'pssss',
844 2943 940 3008 ἷλλιτι
955 2945 984 3007 3²
997 2941 1058 3008 stirs

316 3033 440 3109 Ἵππος,
456 3036 550 3093 emere
564 2977 718 3108 druensis,
733 3029 793 3088 rs‘rs
804 3027 832 3089 θ’
840 3027 912 3107 e'pbe's
922 3031 1052 3098 sisenes,

162 3139 241 3192 Hom.
254 3135 333 3190 llud.
347 3156 384 3202 e,
401 3151 448 3196 ιο,
465 3151 512 3198 ιι,
532 3149 611 3205 quem
625 3131 713 3183 locum
727 3139 803 3202 poetu
816 3140 906 3182 noster
918 3129 1052 3200 expressit.
1076 3127 1119 3182 Cf.
1141 3128 1238 3184 Seneca

162 3221 196 3274 de
206 3221 306 3292 Tnuq.
316 3218 407 3272 Annn.
420 3235 479 3288 cap.
491 3235 520 3280 r,
530 3227 556 3268 et
564 3214 661 3267 Jucobs
671 3213 705 3266 ud
713 3212 821 3266 Antbol.
832 3211 879 3265 Gr.
890 3223 953 3264 tom.
963 3210 991 3262 11
999 3249 1006 3274 ‚
1015 3229 1042 3282 p.
1054 3211 1122 3284 I,p.
1136 3211 1195 3282 379,

200 3393 266 3440 Vn.
283 3391 344 3439 281.
358 3392 480 3452 interrog.
494 3395 578 3434 notem
591 3385 688 3450 primus
699 3383 785 3448 posuit
797 3385 890 3447 Greng.
909 3383 944 3430 At
960 3397 1045 3430 versus
1061 3383 1123 3430 sorte
1142 3385 1240 3447 spurius

165 3485 207 3524 est.
220 3473 280 3522 Vid.
292 3473 392 3522 comm.

199 3567 268 3620 Nor.
290 3565 352 3619 281.
363 3567 431 3632 Ergo
440 3583 490 3613 non
503 3561 677 3626 aliterpoterit
685 3559 812 3609 domin?
824 3557 904 3609 verbu
916 3568 1016 3629 poete,
1027 3559 1241 3630 inter-rumpentis

165 3669 313 3706 sermonem
325 3647 473 3710 Umbricii,
490 3646 537 3719 qni
548 3641 690 3716 respondet
707 3661 714 3695 :
737 3645 891 3711 Quibusdam
901 3661 1011 3693 somniem
1023 3645 1081 3694 rixa
1086 3645 1176 3712 sarit,
1190 3655 1241 3698 etc.

164 3735 261 3789 Indice
277 3735 415 3787 Achaim
433 3731 490 3783 brec
505 3741 569 3783 sunt
586 3728 665 3780 verbs
684 3725 816 3778 Umbricii
834 3725 917 3797 ipsius
927 3743 956 3778 se
966 3724 1148 3796 interrogantis
1162 3736 1188 3778 et
1199 3745 1242 3780 re-

164 3818 327 3893 spondentis.
340 3815 401 3870 Sed.
412 3815 489 3868 Hein.
501 3831 554 3865 non
566 3811 634 3864 mule
644 3811 808 3882 suspicetur,
819 3825 925 3862 versum
934 3809 983 3861 281
996 3827 1010 3861 u
1020 3807 1154 3861 luvenalis
1164 3827 1243 3862 msnu

164 3921 217 3955 nou
234 3889 298 3954 esse'
305 3898 473 3972 profectum,
492 3895 618 3968 qnoniam
636 3905 661 3946 et
678 3891 790 3946 absurdo
806 3893 842 3946 sit
858 3890 911 3944 boc
926 3891 985 3944 Ioco
1000 3890 1058 3944 telis
1075 3892 1242 3964 interrogatio

166 4000 267 4060 poeta,
287 3985 336 4058 qui
353 3984 381 4035 in
398 3993 450 4034 tots
465 3981 544 4032 satira
557 3997 571 4031 a
586 3997 624 4032 rs.
642 3997 674 4031 so
686 3995 720 4030 ne
733 3976 844 4030 verbum
857 3972 966 4048 quidem
981 3974 1112 4046 proferet,
1130 3991 1179 4028 nec
1192 3976 1242 4029 nisi

166 4069 336 4123 Umbricium
347 4065 487 4119 docentem
498 4073 707 4136 querentemque
716 4056 822 4124 audiet,
834 4070 861 4112 et
872 4057 980 4122 Noster,
1000 4057 1022 4110 ei
1035 4057 1144 4110 sortasse
1153 4062 1243 4111 donni·

168 4158 229 4206 serie
239 4155 297 4224 ipse
306 4151 377 4204 inter
386 4165 533 4202 sermonem
545 4145 678 4198 Umbricii
687 4185 696 4209 ,
711 4154 736 4198 et
747 4141 834 4194 subito
846 4141 973 4193 excitetur
983 4157 1076 4194 somno
1085 4139 1142 4192 brec
1151 4141 1246 4194 dixisse
