3134 4990
331 445 393 513 dds
605 446 646 507 D.
675 441 816 505 JUNH
843 437 1131 524 ruvereus

330 563 402 630 Hos
415 562 505 630 inter
518 572 674 654 sumptus
686 555 841 626 sestertia
854 553 1085 642 Quintiliano,

329 670 379 738 Ut
394 670 556 756 multum,
571 668 639 737 duo
653 664 841 736 sufficient:
857 687 911 733 res
923 662 1015 732 nulla
1028 662 1169 732 minoris

329 779 504 850 Constabit
518 778 624 873 patri,
642 799 744 871 quam
760 772 858 848 filius.
877 772 980 842 Unde
995 772 1100 866 igitur
1116 785 1168 840 tot

329 887 558 977 Quintilianus
573 889 676 958 hebet
690 883 815 955 saltus?
828 882 982 978 exempla
994 906 1164 952 novorum

329 1002 489 1068 Fatorum
506 998 628 1068 transi:
647 995 748 1083 felix,
765 1008 800 1064 et
814 992 973 1088 pulcher,
990 1007 1026 1062 et
1041 1015 1141 1079 acer;

254 1099 261 1108 ’
330 1107 442 1196 Felix,
461 1124 495 1177 et
509 1107 656 1204 sapiens,
674 1119 708 1174 et
721 1102 864 1189 nobilis,
883 1116 919 1170 et
933 1125 1134 1196 generosus,

328 1216 527 1311 Appositum
541 1217 646 1310 uigrae
659 1213 775 1283 lunam
788 1211 937 1282 subterit
950 1208 1048 1281 alutae
1064 1236 1072 1279 :

330 1326 441 1412 Felix,
455 1340 569 1396 orator
580 1348 716 1420 quoque
732 1321 911 1408 maximus,
926 1335 960 1389 et
970 1321 1153 1415 jaculator3

330 1439 393 1522 Et,
409 1435 437 1504 si
453 1434 634 1531 perfrixit,
655 1446 769 1504 cantat
782 1431 880 1502 bene.
898 1431 1013 1500 Distat
1028 1431 1140 1517 enim,
1158 1453 1234 1523 qure

332 1545 449 1615 Sidera
464 1561 498 1614 te
512 1541 801 1639 excipientmodo
817 1541 945 1637 primos
963 1540 1181 1636 incipientem
1357 1545 1402 1614 ssi

332 1653 444 1728 Edere
460 1652 611 1747 vagitus,
631 1667 666 1722 et
680 1651 793 1722 adhuc
808 1674 827 1720 a
843 1664 953 1719 matre
970 1649 1158 1720 rubentem.
1209 1727 1210 1730 Ἴ

332 1764 369 1833 Si
383 1767 534 1841 Fortuna
547 1763 656 1851 volet,
675 1762 737 1833 fies
753 1763 795 1832 de
813 1762 951 1832 rhetore
967 1759 1101 1830 consul:

333 1875 369 1944 Si
382 1873 475 1943 volet
489 1874 563 1944 haec
577 1874 712 1959 eadem,
726 1871 787 1941 fies
802 1871 844 1940 de
859 1869 997 1940 consule
1012 1871 1138 1942 rhetor.

334 1983 515 2052 Ventidius
529 1981 611 2077 quid
627 1980 738 2052 eninr?
755 1980 838 2075 quid
853 1978 1007 2050 Tullius?
1020 2003 1107 2048 anne
1123 1976 1232 2064 aliud,
1252 1997 1354 2070 quern

335 2091 452 2178 Sidus,
468 2105 505 2160 et
518 2089 643 2160 occulti
655 2089 809 2159 miranda
823 2089 975 2184 potentia
990 2086 1072 2158 fau?
1356 2115 1404 2151 seo

336 2200 448 2269 Servis
461 2223 567 2294 regnu
582 2199 725 2286 dabunt,
743 2199 883 2294 captivis
897 2197 967 2268 fatu
981 2196 1182 2292 triumphos.
1200 2261 1206 2284 ,

335 2307 431 2390 Felix¹
444 2308 499 2378 ille
516 2324 630 2378 tamen
646 2332 748 2377 corvo
762 2332 897 2400 quoque
912 2307 1022 2376 rarior
1036 2305 1123 2375 albo.

337 2417 504 2486 Poenituit
522 2415 648 2486 multos
665 2439 760 2484 vane
777 2415 968 2512 sterilisque
981 2415 1168 2501 cathedre,

338 2618 397 2676 que
413 2599 576 2676 sumptibus
596 2600 657 2658 duo
677 2600 716 2656 ad
732 2617 876 2656 summum
893 2598 1025 2657 sestertia
1045 2597 1226 2669 Quintiliano
1244 2595 1407 2667 dabuntur;

338 2693 379 2750 ita
390 2689 466 2749 nihil
475 2693 583 2750 minori
596 2692 692 2768 pretio
704 2691 782 2768 putri
792 2709 882 2768 quem
892 2689 945 2747 lilii
956 2690 1091 2750 educatio
1102 2691 1254 2748 constabit.
1271 2693 1407 2762 Quonam

336 2785 430 2863 igitur
438 2795 524 2859 pacto
531 2783 565 2841 fit
573 2826 581 2854 ,
589 2784 723 2860 inquies,
735 2794 769 2842 ut
778 2782 975 2856 Quintilisnns
986 2793 1030 2841 tot
1041 2783 1187 2840 luculenta
1199 2782 1308 2857 predis
1314 2780 1408 2856 possi-

338 2876 423 2934 denti
437 2875 537 2935 omitte
551 2875 634 2932 illum
644 2875 730 2948 mibi;
746 2875 808 2932 noli
820 2892 856 2932 es
871 2893 907 2932 eo
921 2887 1033 2933 ceteros
1047 2876 1179 2932 rhetores
1192 2875 1334 2931 estimare
1345 2894 1353 2929 :
1365 2881 1407 2929 est

339 2967 417 3024 enim
430 2969 595 3044 exemplum
606 2965 676 3023 nori
692 2977 722 3023 et
733 2965 866 3025 inusitati
882 2965 1031 3040 cujusdem
1045 2966 1098 3023 lati
1111 2983 1144 3023 sc
1160 2965 1314 3023 felicitatis.
1330 2964 1406 3036 Qui-

338 3076 463 3133 cumque
472 3058 581 3115 scilicet
589 3067 631 3114 est
639 3055 716 3115 felici
726 3067 811 3114 natus
821 3056 932 3129 sidere,
943 3055 1021 3113 idem
1029 3057 1188 3130 formosus,
1199 3066 1336 3114 strenuus
1346 3073 1406 3128 ,ss-

338 3150 436 3226 pieus,
447 3149 547 3222 sortis,
560 3150 683 3221 nobilis3
696 3148 773 3206 idern
779 3161 908 3222 senator,
916 3161 1045 3208 etsssuta
1053 3151 1154 3208 calceis
1161 3152 1263 3208 lunuls
1269 3160 1406 3226 spectan-

339 3243 409 3313 d,rss;
424 3241 502 3300 idem
515 3253 615 3299 orator
625 3241 876 3316 praestantissimos
890 3251 920 3298 et
934 3241 1099 3300 dialecticus
1109 3254 1165 3315 est;
1182 3261 1216 3300 ac
1229 3243 1298 3300 licet
1311 3243 1407 3301 buces

340 3332 492 3391 obstrictus
500 3330 610 3408 frigore
617 3331 736 3403 babeat,
744 3332 819 3389 belle
829 3350 932 3390 canere
941 3332 1116 3392 censebitur.
1125 3334 1286 3390 Plurimum
1297 3335 1406 3410 qnippe

314 3441 317 3450 ’
338 3426 446 3497 refert,
463 3443 527 3500 quae
536 3423 633 3482 sidera
647 3434 675 3482 te
690 3435 854 3482 nascentem
865 3437 894 3482 et
906 3443 922 3482 e
933 3437 1063 3482 materna
1074 3443 1176 3483 recens
1187 3425 1313 3482 effusum
1325 3426 1406 3497 alvo,

338 3517 507 3593 primosque
518 3515 630 3592 vagitus
641 3517 776 3576 edentem
787 3517 975 3595 respexerint.
989 3520 1022 3576 Si
1021 3517 1157 3592 sortunoe
1172 3519 1326 3588 redebitur,
1339 3538 1407 3576 ere-

341 3611 393 3667 des
406 3609 535 3666 rhetore
549 3611 674 3680 consule,
691 3613 743 3668 oet
754 3613 855 3667 consul
865 3631 882 3667 e
892 3610 1016 3668 rhetore.
1038 3609 1116 3681 Quid
1132 3610 1210 3667 euim
1226 3628 1281 3667 nos
1299 3609 1407 3667 docent

339 3704 470 3780 exempla
477 3703 621 3774 ventidii,
633 3714 661 3761 et
670 3705 764 3762 Servii
774 3703 878 3775 Tullii,
890 3703 946 3761 nisi
952 3704 1013 3760 vim
1021 3722 1154 3761 uranum
1165 3716 1195 3762 et
1203 3704 1406 3762 admirsbilern

338 3795 467 3852 siderum
478 3814 510 3852 ac
521 3795 573 3852 tasi
583 3813 657 3867 esse,
672 3816 736 3872 que
749 3814 848 3854 servos
857 3795 889 3852 in
900 3795 1024 3870 solium,
1035 3797 1165 3872 captivos
1176 3798 1207 3853 in
1218 3798 1405 3873 triurnphan-

337 3885 411 3942 tium
420 3903 524 3944 currus
534 3888 656 3945 erebus?
672 3890 806 3946 Ceterum
817 3888 865 3946 ille
876 3889 943 3945 felix
953 3907 1038 3964 quern
1048 3888 1266 3968 descripsimus,
1275 3901 1319 3947 est
1328 3889 1405 3948 idem

339 3976 513 4047 rarissimus,
528 3988 557 4034 et
569 3979 638 4035 albo
648 3997 738 4036 corvo
751 3979 855 4036 rsrior.
872 3980 975 4037 Paucis
984 3981 1105 4056 contigit
1116 3982 1298 4039 fortunatum
1308 3983 1404 4053 Quin·

340 4065 433 4126 tiliani
444 4065 551 4140 istum,
565 4070 649 4127 multi
663 4071 862 4147 gravissimum
872 4089 909 4128 ex
920 4073 1055 4130 cathedra
1068 4073 1194 4132 docendi
1205 4074 1337 4132 laborem
1348 4093 1365 4130 a
1376 4090 1406 4130 se

340 4155 421 4225 pullo
429 4158 623 4217 emolumento
634 4171 799 4236 susceptum
811 4161 900 4221 fuisse
912 4161 1083 4222 doluerunt:
1096 4164 1185 4241 idque
1195 4165 1265 4222 setis
1278 4165 1408 4222 ostendit
