3130 4986
332 391 377 476 9⁴
425 388 467 451 D.
482 385 581 450 IUN.
598 381 864 450 IUVENALIS
883 384 1060 450 SATIRA
1077 385 1312 456 SECUNDA.

331 502 397 572 Sed
414 526 488 596 quae
503 525 595 569 nunc
611 497 729 594 populi
745 498 831 567 fiunt
847 499 983 568 victoris
999 500 1035 567 in
1051 499 1149 588 urbe,

332 614 413 683 Non
430 611 557 681 faciunt
574 609 638 696 illi,
655 633 739 704 quos
755 608 919 678 vicimus?
933 613 977 680 Et
993 625 1105 680 tamen
1121 637 1208 682 unus

331 722 511 794 Armenius
526 720 653 790 Zalates
671 721 800 790 cunctis
816 735 969 790 narratur
984 721 1123 816 ephebis

332 831 488 918 Mollior,
505 830 636 901 ardenti
651 855 723 900 sese
740 829 915 900 indulsisse
930 831 1077 901 tribuno.
1354 847 1403 900 165

331 941 494 1036 Adspice,
511 941 591 1035 quid
606 940 732 1011 iaciant
748 937 967 1010 commercia!
985 956 1125 1010 venerat
1139 941 1247 1012 obses.

333 1051 398 1119 llic
415 1047 501 1118 fiunt
516 1049 691 1118 homiues:
710 1074 787 1118 narn
805 1051 832 1118 si
849 1075 943 1120 mora
959 1050 1093 1146 longior
1107 1050 1226 1119 urbem

331 1159 477 1230 Indulsit
491 1162 623 1255 pueris,
640 1185 710 1230 non
726 1185 885 1256 umquam
901 1162 1009 1232 deerit
1025 1177 1172 1231 amator:

332 1271 512 1339 Mittantur
526 1271 651 1357 braca,
668 1270 811 1358 cultelli,
828 1271 939 1359 irena,
956 1269 1135 1368 flagellum.

331 1380 387 1448 Sic
403 1394 612 1474 pretextatus
628 1378 781 1449 referunt
796 1384 955 1451 Artaxata
969 1405 1091 1451 mores.
1351 1413 1403 1464 170

329 1606 452 1667 tannos,
464 1594 516 1652 ubi
526 1605 625 1652 noctes
637 1613 690 1670 per
699 1604 823 1653 estatem
834 1605 901 1652 sunt
910 1595 1096 1664 brevissima,
1108 1593 1280 1650 domuimus.
1289 1595 1403 1652 Verum

330 1698 461 1763 genten
480 1687 565 1745 nobis
583 1687 666 1744 rictae
686 1706 747 1746 uon
762 1687 914 1763 inquinant
926 1707 956 1746 se
977 1687 1033 1744 illis
1051 1685 1181 1762 flagitiis,
1201 1706 1265 1763 que
1281 1688 1402 1749 anobis

329 1780 456 1854 ipsarum
467 1779 626 1836 victoribus
643 1779 843 1836 adrnittuntur.
860 1780 943 1836 Unus
960 1788 1070 1836 tantum
1085 1778 1193 1836 Zelates
1208 1797 1243 1840 ex
1260 1781 1402 1840 Armenia

330 1872 485 1941 oriundus,
499 1871 600 1942 ceteris
614 1870 719 1930 nostris
728 1870 883 1944 juvenibus
894 1869 1018 1939 facilior,
1034 1869 1141 1928 dicitur
1152 1871 1197 1927 sui
1207 1873 1339 1950 corporis
1348 1893 1401 1930 ne-

329 1963 400 2020 farie
420 1965 531 2040 copiam
556 1964 706 2022 tradidisse
726 1963 863 2034 tribuno,
883 1962 970 2038 ipsius
988 1961 1088 2019 insano
1103 1982 1202 2020 amore
1217 1963 1400 2038 depereunti.

330 2049 547 2132 Contemplami,
558 2057 630 2133 quid
639 2057 744 2116 saciant
758 2055 922 2112 consortia?
933 2054 982 2111 ille
990 2053 1104 2129 juvenis
1112 2065 1243 2126 venerat,
1254 2066 1287 2111 ut
1299 2057 1400 2128 obses,

330 2148 459 2206 moribus
471 2151 551 2223 puris
563 2151 676 2228 integer
688 2172 695 2207 ε
709 2161 738 2207 et
751 2150 784 2206 in
795 2160 895 2206 nostm
911 2149 984 2206 urbe
994 2147 1124 2205 homines
1140 2148 1224 2206 brevi
1236 2148 1398 2224 perficiun—

329 2250 378 2296 tur
400 2251 561 2297 nostratum
582 2242 738 2298 consortio.
771 2243 846 2300 Nam
870 2241 894 2298 si
919 2242 1002 2298 liceat
1023 2239 1084 2297 istis
1105 2242 1202 2316 pueris
1220 2245 1398 2300 commorari

329 2331 436 2388 diutius
451 2333 483 2390 in
497 2333 587 2404 urbe,
603 2335 726 2392 aderurn
739 2335 868 2412 undique
886 2344 1045 2402 amatores,
1063 2333 1114 2408 qui
1132 2352 1181 2391 eos
1198 2346 1396 2409 corrumpant.

328 2423 473 2498 Abjicient
490 2426 586 2482 virilia
600 2427 768 2484 vestimenta
785 2441 813 2485 et
832 2428 926 2486 studia
946 2427 1051 2502 quibus
1066 2427 1098 2485 in
1112 2429 1202 2502 petria
1218 2429 1395 2500 utebantur,

328 2517 442 2585 bracas,
458 2518 606 2588 cultellos,
619 2517 716 2587 frena,
730 2517 888 2594 flagellum
903 2531 932 2577 et
944 2518 1054 2595 probis
1066 2518 1241 2594 simplicibus
1259 2532 1288 2578 et
1305 2521 1396 2578 hone·

328 2608 378 2664 stis
390 2609 539 2680 institutis,
551 2628 646 2666 mores
660 2628 814 2684 procerum
825 2613 1024 2670 Romanorum
1035 2612 1255 2689 perditissimos
1264 2613 1296 2669 in
1310 2632 1393 2672 sunm

326 2701 429 2762 urbem
444 2707 580 2770 Artaxata
594 2703 728 2762 arerem.
