3056 4984
470 464 658 532 SATIRA
675 465 863 532 SEXTA.
1137 462 1198 530 361

135 578 242 676 Inque
258 578 351 650 vices
368 580 535 676 equitant,
551 603 591 650 ac
605 577 686 648 luna
701 595 785 652 teste
801 589 1003 652 moventur.'

131 689 216 759 lude
232 691 351 760 domos
368 691 518 762 abeunt:
536 705 573 758 tu
589 690 695 759 calcas
713 690 786 760 luce
803 714 937 763 reversa

131 801 294 896 Gonjugis
306 801 455 888 urinam,
473 823 612 895 magnos
627 800 758 876 visurus
774 799 910 868 amicos.

177 913 271 982 Nota
285 915 387 984 Bonae
403 925 531 982 secreta
543 912 642 995 Deae,
660 934 764 1003 quum
781 909 862 979 tibia
877 907 1010 978 lumbos

130 1021 273 1107 Incitat,
289 1037 324 1090 et
340 1045 447 1092 comu
463 1020 592 1116 pariter
606 1019 754 1112 vinoque
769 1015 928 1086 seruntur
1150 1027 1201 1082 31⁵

131 1131 309 1218 Attonitae,
326 1133 523 1226 crinemque
540 1144 669 1215 rotant,
685 1127 882 1223 ululantque
899 1127 1012 1222 Priapi

131 1241 312 1310 Maenades.
329 1243 361 1310 Ο
377 1257 521 1336 quantus
538 1255 620 1310 tunc
636 1238 699 1308 illis
714 1241 884 1310 mentibus
900 1238 1001 1307 ardor

131 1350 358 1424 Concubitus!
376 1379 450 1448 quoe
467 1379 532 1424 vox
547 1351 688 1422 saltante
705 1347 861 1445 libidine!
880 1365 1026 1445 quantus
1063 1373 1068 1390 ³
1108 1387 1111 1396 ·

130 1459 192 1531 Ille
207 1463 292 1531 meri
310 1465 432 1532 veteris
448 1487 510 1558 per
525 1485 624 1530 crura
640 1460 811 1532 madentia
826 1455 975 1534 torrens!

131 1572 309 1640 Lentmum
327 1571 462 1642 ancillas
478 1572 585 1678 posita
601 1568 755 1661 Laufella
771 1594 898 1639 corona
1145 1581 1203 1638 ³20

130 1683 314 1765 Provocat,
331 1681 468 1751 attollit
484 1679 663 1777 pendentis
679 1680 816 1774 praemia
832 1705 934 1750 coxae.

128 1793 208 1888 Ipsa
223 1792 423 1863 Medullinae
440 1792 576 1862 frictum
593 1791 763 1861 crissantis
778 1791 896 1866 adorat
915 1817 923 1860 :

129 1901 280 1971 Palmam
299 1903 388 1986 inter
403 1903 555 1972 dominas
570 1903 677 1971 virtus
693 1901 858 1971 natalibus
874 1916 994 1996 aequat.
1107 1963 1110 1970 .

129 2013 188 2084 Nil
206 2015 254 2083 ibi
271 2040 333 2110 per
349 2015 465 2086 ludum
482 2015 711 2085 simulabitur:
728 2016 844 2084 omnia
860 2015 943 2085 lient

128 2123 181 2194 Ad
198 2149 338 2210 verum,
354 2125 475 2220 quibus
491 2125 625 2194 incendi
639 2125 709 2218 jam
726 2122 868 2219 frigidus
884 2151 956 2195 aevo
1150 2137 1205 2195 328

128 2233 451 2321 laomedontiades‚
468 2250 504 2304 et
516 2233 672 2306 Nestoris
689 2235 808 2304 hernia
823 2236 940 2332 possit.
1096 2241 1099 2246 '

131 2467 201 2510 mox
212 2451 326 2512 vicibus
339 2455 456 2512 alternis
466 2455 528 2512 ulia
542 2473 629 2532 snper
644 2455 712 2514 elias
727 2456 887 2532 equitantes
897 2454 1072 2531 subiguntur
1082 2453 1119 2510 ad
1130 2453 1205 2512 lunae

132 2543 249 2615 radios,
273 2556 303 2602 et
325 2545 470 2622 agitantur
488 2546 631 2618 invicem
654 2549 759 2606 deinde
781 2560 846 2624 post
867 2559 944 2605 tanta
963 2549 1069 2605 scelera
1089 2547 1207 2604 defessae

133 2638 237 2695 domos
249 2650 394 2714 repetunt.
407 2643 470 2708 Tu,
486 2642 565 2697 bone
574 2641 693 2712 marite,
707 2660 798 2716 qumn
810 2660 925 2699 reversa
939 2643 1003 2697 lnce
1015 2639 1108 2714 surgis
1122 2657 1206 2696 mane

132 2747 255 2807 magnos
264 2741 404 2804 patronos
415 2732 605 2803 salutaturus,
621 2741 650 2791 et
660 2751 714 2807 per
723 2733 846 2808 plateam
857 2730 1004 2788 Pudicitia
1016 2730 1132 2801 transis,
1145 2728 1206 2786 uri-

133 2842 199 2882 nam
216 2833 274 2880 tna
287 2823 387 2881 uxoris
402 2826 490 2882 modo
506 2825 623 2882 effusam
636 2825 725 2882 calcas
737 2824 868 2900 pedibus.
935 2863 942 2874 .
1220 2819 1221 2824 '

170 2913 242 2972 313.
265 2915 388 2992 Cognita
403 2928 470 2974 sunt
480 2916 615 2974 omnibns
629 2935 731 2974 arcana
745 2915 870 2994 flagitia,
885 2917 915 2974 in
934 2915 1020 2973 sacris
1036 2916 1123 2972 Bnuae
1136 2917 1205 2972 Dera

130 3005 272 3076 admissa,
281 3025 371 3081 quum
382 3007 452 3064 tibia
463 3027 517 3064 suo
527 3007 625 3066 sonitu
636 3009 750 3066 lumbos
764 3019 942 3080 commoret3
957 3027 1047 3083 quum
1060 3007 1207 3064 Maenades.

132 3100 229 3176 Priapi
244 3100 355 3174 pariter
371 3119 514 3158 cornuum
531 3101 662 3159 cantibus
677 3113 706 3158 et
721 3101 783 3158 vini
797 3102 912 3158 fervore
925 3111 1007 3158 extra
1019 3120 1048 3158 se
1063 3100 1204 3175 abreptas,

133 3193 228 3250 erines
240 3204 338 3250 rotant
351 3211 417 3250 cum
429 3194 594 3250 uladatibus
608 3196 634 3251 Ο
647 3213 735 3268 quam
749 3193 878 3250 ardentia
893 3205 961 3250 tuuc
974 3193 1088 3250 illarum
1103 3191 1205 3248 animis

133 3293 254 3342 aeatnant
279 3285 449 3344 concubitus
477 3285 635 3343 desideria!
661 3303 748 3361 quam
768 3285 899 3342 obscenae
918 3303 1004 3342 voces
1026 3303 1125 3342 earum
1146 3301 1206 3358 prae

133 3373 256 3436 libidine
273 3378 453 3436 saltantium!
471 3396 557 3453 quarn
574 3377 735 3434 abundanti
747 3376 896 3434 urinarum
909 3385 1039 3434 torrente
1053 3394 1106 3450 per
1122 3392 1208 3431 crura

133 3470 278 3528 madentia
289 3469 351 3525 vini
363 3469 468 3527 veteris
480 3468 582 3527 fluctus
595 3467 743 3527 dellnunt!
761 3471 888 3527 laufella
897 3481 1043 3535 matrona,
1055 3466 1208 3543 proposito

133 3562 264 3622 victoria
275 3563 408 3636 praemio,
421 3563 452 3620 in
461 3573 605 3620 certamen
615 3562 766 3618 salacitatis
776 3562 892 3618 ancillas
901 3563 1039 3619 lenonum
1049 3567 1205 3634 provomt,

132 3665 164 3712 et
179 3653 286 3712 victrix
304 3672 442 3711 coronam
455 3654 550 3724 tollit,
566 3665 668 3729 utpote
687 3673 750 3729 quae
767 3653 876 3712 diutius
892 3653 1031 3710 indelessa
1049 3649 1207 3726 pendentes

132 3766 221 3804 nona
242 3747 368 3804 tenuerit
385 3769 392 3804 ε
409 3747 460 3806 sed
479 3757 574 3804 tamen
593 3747 654 3822 ipsa
673 3746 863 3804 Medullinum
883 3745 1050 3814 victricem,
1071 3755 1099 3800 et
1120 3741 1208 3798 fricta

131 3840 246 3915 aptiore
255 3839 422 3898 crissantena
432 3839 543 3896 adorat.
556 3841 591 3896 ln
600 3840 656 3898 boc
665 3851 723 3896 tans
733 3839 810 3897 loedo
822 3838 977 3896 certamine
986 3834 1208 3893 intermulieres

131 3929 294 4006 impudicas
304 3932 399 4006 palma
410 3932 497 3988 datur
507 3931 710 4006 prestantiori,
723 3934 801 3990 nulla
813 3949 932 4008 prorsus
944 3929 1042 3986 habita
1053 3926 1208 3996 natalium,

131 4021 166 4082 id
179 4035 238 4092 est,
257 4023 415 4080 nobilitatis
430 4023 552 4083 ratione.
572 4024 652 4082 Nihil
670 4024 712 4080 ibi
729 4043 783 4100 per
801 4025 951 4081 simulacra
971 4033 1000 4079 et
1017 4021 1135 4090 ludum,
1155 4020 1209 4078 sed

131 4115 230 4172 omnia
254 4116 293 4172 ad
316 4135 417 4174 verum
440 4115 531 4188 fient,
556 4117 596 4172 ita
621 4127 654 4172 ut
677 4117 734 4175 hoc
759 4118 921 4194 spectaculo
947 4116 1032 4173 etiarn
1057 4115 1206 4187 Priamus,

131 4208 341 4268 laomedontis
351 4206 442 4282 filius,
458 4208 587 4284 muniris
597 4208 678 4266 senio
691 4208 832 4287 frigidus,
847 4211 933 4268 etiam
947 4209 1078 4268 Nestoris
1092 4209 1207 4268 tertiam

357 4441 373 4474 Ι
