3130 4986
157 445 1217 504 mmmmwuvwwmwwmwwwmwm

307 641 626 762 savina
665 645 1073 796 SECUNDA.

606 901 775 918 m

152 1021 307 1155 Unrna
323 1081 539 1149 Sauromatas
554 1077 673 1176 fugere
689 1083 771 1154 hinc
787 1087 882 1177 libet,
899 1107 934 1160 et
950 1093 1122 1189 glacialem

153 1189 345 1276 Oceanum,
362 1193 495 1285 quoties
510 1191 635 1285 aliquid
651 1193 693 1261 de
708 1197 857 1268 moribus
872 1203 1016 1292 audent,

154 1297 220 1385 Qui
236 1299 360 1368 Curios
375 1299 550 1386 simulant,
567 1315 600 1369 et
616 1304 835 1376 Bacchanalia
850 1312 979 1382 vivunt.

154 1407 287 1476 Indocti
304 1409 472 1501 primum;
490 1433 691 1505 quamquam
708 1413 807 1509 plena
823 1423 936 1490 omnia
952 1449 1058 1519 gypso

153 1515 340 1612 Chrysippi
358 1518 531 1588 invenias:
548 1545 625 1588 nam
643 1521 905 1616 perfectissimus
922 1532 1043 1604 horum
1060 1551 1126 1626 est,
1210 1552 1224 1608 5

153 1627 186 1694 Si
202 1628 279 1720 quis
295 1625 512 1696 Aristotelem
528 1629 685 1720 similem,
702 1635 755 1704 vel
772 1639 925 1709 Pittacon
942 1646 1037 1733 emit,
1177 1631 1180 1638 ’

152 1739 194 1805 Et
205 1737 307 1829 jubet
322 1738 524 1832 archetypos
540 1739 691 1832 pluteum
707 1767 840 1816 servare
856 1750 1046 1825 Cleanthas.

199 1849 317 1916 Fronti
334 1847 426 1917 nulla
442 1848 545 1918 fides:
563 1853 637 1944 quis
653 1854 743 1922 enim
760 1880 829 1925 non
848 1861 940 1931 vicus
956 1866 1103 1938 abundat

150 1958 315 2026 Tristibus
331 1957 518 2028 obscoenis?
535 1962 675 2056 castigas
691 1967 820 2059 turpia,
837 1994 941 2064 quum
957 1977 1001 2044 sis

151 2068 243 2135 Inter
258 2069 448 2136 Socraticos
465 2070 636 2138 notissima
653 2069 740 2142 fossa
757 2077 913 2148 cinaedos.
1190 2119 1220 2158 πο

150 2175 291 2270 Hispida
307 2177 458 2245 membra
474 2178 628 2272 quidem,
646 2194 679 2248 et
694 2180 786 2254 durae
802 2209 864 2278 per
879 2188 1017 2260 brachia
1032 2209 1111 2264 setae

149 2287 354 2357 Promittunt
369 2302 517 2356 atrocem
535 2289 699 2378 animum3
717 2293 776 2362 sed
792 2296 914 2388 podice
931 2297 996 2367 levi

409 2485 522 2528 Wffifl
539 2485 680 2527 ascum
698 2489 957 2534 tantumtantum.

190 2603 216 2640 ι.
237 2586 295 2641 Esr
306 2585 430 2660 impetus
438 2585 514 2641 ultra
523 2586 665 2641 Sarmatas
674 2586 741 2643 hinc
752 2589 902 2674 aufugere,
915 2605 944 2650 et
954 2597 1028 2654 ultra
1041 2605 1222 2674 septemtrio-

145 2679 239 2734 nalem
263 2679 433 2746 Oceanum,
458 2675 548 2752 glacie
572 2689 760 2750 concretum,
785 2685 1022 2769 quotiescumque
1043 2690 1108 2749 illos
1132 2697 1219 2753 audio

146 2771 232 2826 verba
255 2769 293 2825 de
315 2769 446 2826 moribus
469 2767 654 2828 emendandis
676 2771 827 2848 magnifica
850 2776 956 2849 lacere,
982 2783 1031 2856 qui
1055 2803 1218 2845 sermonem

148 2862 303 2920 Curiorum
331 2873 360 2918 et
383 2862 496 2918 vultum
518 2861 574 2917 sibi
597 2875 729 2934 sumunt,
754 2865 821 2922 licet
842 2869 958 2942 eadem,
980 2891 1035 2946 qua
1054 2875 1163 2935 vivitur
1188 2881 1218 2936 in

146 2953 365 3012 bacchanalibus
380 2954 509 3023 licentia,
527 2953 615 3010 vitam
629 2955 741 3030 ipsimet
755 2967 869 3034 turpem
891 2973 920 3018 et
939 2961 1114 3040 flagitiosam
1122 2983 1216 3046 agant.

146 3049 273 3106 anum
286 3047 405 3123 quidem
424 3059 492 3106 sunt
509 3047 667 3104 admodum
684 3049 827 3124 imperiti;
844 3052 982 3111 doctrinae
998 3068 1092 3115 umen
1112 3061 1216 3120 samam

145 3153 278 3217 captant,
301 3140 504 3198 coacervandis
523 3141 603 3196 domi
622 3159 679 3197 suae
697 3141 952 3220 philosophorum,
976 3160 1062 3224 atque
1085 3152 1215 3228 inprimis

144 3224 300 3308 Chrysippi
310 3231 425 3301 statuis,
441 3231 520 3288 lactis
535 3250 550 3288 e
564 3251 671 3307 gyps03
688 3232 768 3308 isque
781 3235 933 3296 interillos
944 3253 1075 3299 causetur
1086 3264 1146 3302 esse
1157 3249 1213 3305 do-

143 3327 299 3395 ctissimus,
317 3325 369 3400 qui
382 3324 544 3382 Aristotelis
559 3325 712 3402 imaginem
729 3327 783 3402 ipsi
797 3329 948 3388 Aristoteli
961 3333 1148 3408 simillimam,
1165 3351 1214 3396 aut

143 3418 243 3474 Pittaci
252 3417 369 3488 emerit,
379 3427 409 3474 et
417 3417 448 3472 in
458 3435 556 3474 museo
567 3437 636 3488 suo,
648 3427 792 3494 tamquam
802 3422 863 3495 ejus
872 3425 1017 3498 custodes,
1029 3441 1153 3488 ostentet
1163 3433 1212 3490 has

144 3511 289 3566 Cleanthis
299 3509 422 3586 effigies,
439 3510 476 3565 ad
487 3525 555 3583 quas
565 3510 645 3566 velut
657 3510 694 3566 ad
707 3512 891 3588 archetypos,
904 3515 965 3572 alise
977 3517 1162 3596 effinguntur.
1271 3581 1273 3584 .

182 3603 210 3658 ll,
225 3603 296 3658 Non
306 3602 438 3659 habenda
448 3601 518 3658 fides
527 3621 629 3658 eorum
640 3603 746 3660 tronti:
760 3623 823 3678 quae
834 3607 910 3662 enim
924 3610 1005 3685 regio
1015 3631 1075 3669 non
1084 3615 1211 3672 abundat

144 3692 361 3763 iishominibus,
373 3692 472 3749 fronte
481 3695 597 3768 quidem
610 3695 725 3764 severis,
734 3697 792 3751 vita
801 3716 871 3754 vero
883 3699 1032 3759 obscoenis.
1042 3706 1210 3779 Reprehen-

142 3785 185 3842 dis
197 3786 333 3856 vitiosos3
344 3796 390 3856 at,
405 3796 438 3841 tu
456 3786 516 3860 ipse
531 3805 560 3843 es
579 3787 746 3845 notissimus
763 3789 840 3845 inter
853 3791 991 3864 cinaedos,
1005 3797 1055 3871 qui
1068 3799 1161 3874 turpia
1177 3821 1209 3858 ea

141 3879 304 3952 patiuntur,
316 3897 444 3954 quorum
454 3879 631 3936 insimulatus
641 3889 683 3936 est
691 3881 832 3939 Socrates.
840 3885 971 3940 Membra
982 3887 1098 3961 quidem
1108 3910 1206 3950 eorum

141 3971 1207 4061 pilishirsutasunnetvilli,quibusoperiunturbrachia,masculumquo-

140 4083 195 4138 que
207 4063 332 4120 animum
347 4063 493 4138 spondere
504 4063 658 4136 videntur;
669 4065 719 4120 sed
727 4065 823 4140 podex
834 4066 947 4140 pumice
957 4071 1096 4148 levigatus
1109 4089 1165 4150 est;
1178 4093 1207 4137 et

141 4153 191 4211 bac
207 4155 238 4210 in
253 4167 334 4230 parte
348 4153 499 4231 corporis,
514 4154 582 4230 ipsis
598 4157 714 4212 tumidae
731 4159 851 4232 pustulae
868 4159 1032 4235 caeduntur,
1047 4166 1115 4224 dum
1134 4172 1209 4228 ridet

992 4258 1054 4324 ¹6.
