3056 4984
396 400 449 466 ιιι
471 400 701 468 sarman
724 401 944 468 snxrau.
1011 437 1017 446 -
1138 407 1200 497 397

136 509 197 565 dilis
209 511 318 578 theatri,
329 511 469 587 dequibus
480 511 536 567 vid.
550 513 623 586 Lips.
633 514 667 569 de
676 515 794 588 Amphit.
806 534 830 569 c.
845 516 885 573 13.
895 519 1083 587 -llxseapere,
1098 517 1204 593 eligere,

136 613 238 668 capae.

168 716 239 770 Nor.
254 715 368 771 63-66.
378 719 493 771 feminae
506 718 583 771 etiam
594 717 744 772 castimmss
754 760 761 785 ,
772 719 890 774 Vestales
901 731 926 774 et
937 721 1056 790 rusticae,
1067 692 1220 795 impudici-v

134 799 212 865 tiam,
227 799 351 855 libidines
364 801 550 874 lasciviamque
562 801 668 855 discunt
680 803 707 855 in
721 801 790 857 ludis
803 804 930 867 scenicis,
943 805 970 858 in
983 806 1076 878 primis
1089 807 1122 860 ab
1134 808 1207 860 Atel·

134 882 254 936 lanarum
266 883 439 938 histrionibus
450 898 475 938 et
487 885 672 957 pantomimis,
688 905 773 960 eoque
785 887 862 940 citius
876 900 901 941 et
913 887 1032 954 facilius,
1045 908 1098 962 quo
1109 892 1207 962 majore

133 966 162 1018 hi
175 981 233 1020 arte
242 987 285 1022 res
296 969 430 1022 obscoenas
442 968 469 1021 in
479 988 556 1022 scena
570 968 687 1023 saltando
699 969 930 1043 gesticulandoque
944 971 1095 1042 exprimunt
1102 984 1142 1040 ,et
1154 990 1207 1044 quo

134 1047 239 1104 facilius
256 1051 396 1104 discuntur
412 1070 456 1130 ee,
475 1070 534 1124 quse
553 1053 639 1106 oculis
655 1052 854 1126 subjiciuntur:
873 1071 952 1120 nam,
971 1065 1001 1106 ut
1018 1055 1097 1108 verba
1116 1054 1207 1106 Horat.

135 1132 191 1184 Art.
206 1131 282 1186 Poet.
301 1134 350 1186 180
362 1153 418 1206 seq.
433 1152 491 1187 mea
504 1135 616 1202 faciam,

352 1229 452 1290 Segnius
464 1228 558 1276 irritant
571 1230 661 1276 animoa
673 1229 772 1278 demissa
784 1246 936 1292 perstarem,

354 1303 430 1358 Quum
444 1317 496 1364 quas
508 1313 564 1349 aaut
574 1304 650 1350 oculis
662 1305 770 1364 subjecta
783 1305 907 1361 fidelibus,
919 1315 943 1352 et
955 1321 1008 1368 quas

353 1377 407 1436 lpse
419 1376 463 1421 sibi
476 1377 549 1422 tradit
561 1385 709 1439 spectator..
720 1410 741 1424 ..

136 1463 213 1520 Conf.
226 1466 354 1540 Cyprias.
366 1465 448 1538 Epist.
462 1467 505 1534 11,
517 1488 547 1532 a;
560 1469 632 1522 Lact.
643 1469 672 1537 1,
687 1489 736 1535 so;
748 1470 860 1524 Tertull.
873 1470 1005 1544 despect.
1017 1491 1042 1526 c.
1056 1472 1207 1542 17;Senec.

136 1568 177 1622 ep.
193 1567 224 1617 7,¹
238 1561 265 1600 et
276 1549 380 1602 Colum.
396 1549 472 1602 Pruf.
487 1550 634 1604 Henuinius
647 1551 696 1605 hos
708 1571 798 1606 versus
812 1554 846 1606 ita
862 1553 1018 1608 illustravit:
1035 1581 1046 1602 ι
1059 1557 1148 1622 Quum
1161 1563 1210 1608 Ba·

134 1635 223 1699 tlyllru
235 1635 348 1687 scienter
357 1638 447 1694 saltat,
462 1646 486 1687 et
501 1654 625 1688 manuum
640 1636 772 1710 totiusque
784 1638 903 1708 corporis
916 1637 1019 1692 erudito
1035 1651 1107 1691 motu
1120 1640 1208 1712 expri-

136 1718 182 1770 mit
197 1720 274 1769 Lsdoe
286 1716 393 1770 delicias
406 1718 467 1771 lori
484 1717 657 1784 blandientis,
674 1720 836 1793 usqueadeo
857 1721 980 1792 pruriunt
998 1722 1094 1774 insarno
1107 1736 1210 1794 specta·

136 1803 231 1867 trices,
252 1815 282 1853 ut
300 1801 483 1873 praeveneris
502 1801 662 1874 impatientia
684 1806 770 1854 Tuccia
793 1802 898 1872 (dedita
916 1823 994 1876 opem
1014 1805 1147 1860 luvenalis
1165 1806 1210 1860 hic

136 1904 232 1946 nomeu
247 1885 359 1938 Vestalis
374 1885 444 1938 illius
457 1897 581 1958 usurpat,
601 1904 660 1960 quse
674 1884 765 1938 hausta
780 1885 868 1938 cribro
884 1906 950 1958 aqua
968 1887 1121 1958 pudicitiam
1135 1907 1210 1942 suam

137 1967 262 2026 ”seruit
273 1985 352 2038 quam
363 1986 411 2039 per
423 1979 587 2020 transennam
600 1979 625 2019 et
635 1967 720 2021 sub'
698 1985 753 2040 equs
764 1967 870 2020 nomine
880 1969 999 2019 omnium
1012 1969 1156 2020 Vestalium
1168 1989 1210 2022 se·

137 2065 220 2106 cretas
239 2050 362 2103 libidines
381 2063 406 2103 et
424 2051 534 2130 infames
550 2049 657 2104 ardores
675 2062 766 2102 notare
783 2049 904 2120 videtur)
925 2052 1015 2102 vesica
1033 2071 1079 2101 aaa
1096 2054 1168 2124 isuper
1160 2069 1208 2113 r‚et

138 2135 211 2207 quasi
228 2133 319 2200 dicat,
338 2151 432 2206 aquam
452 2153 505 2186 non
525 2131 791 2203 contiueat(respicit
808 2131 877 2185 enim
896 2132 1003 2204 oblique
1021 2132 1055 2186 ad
1075 2133 1210 2188 historiam

139 2220 280 2287 Tuccio),
302 2217 348 2272 sed
361 2217 506 2271 resolvatur
519 2229 543 2270 et
556 2217 700 2288 liquescat,
712 2227 743 2268 ut
756 2218 867 2309 Appula,
882 2228 1017 2280 matrona,
1038 2217 1064 2268 in
1080 2218 1210 2272 Venerem

137 2303 250 2354 resoluta
271 2301 369 2373 absque
388 2300 442 2352 ullo
457 2299 560 2372 pudore
575 2301 722 2368 garrientia
746 2298 820 2370 quasi
839 2299 866 2350 in
885 2297 974 2352 medio
995 2317 1075 2371 opere
1094 2301 1211 2356 subantis

139 2403 275 2437 murmura
289 2402 341 2436 non
355 2396 476 2436 vereatur
489 2383 542 2436 illic
556 2383 583 2435 in
597 2382 706 2454 publico
721 2381 785 2434 ludo
798 2381 934 2434 exhalare:
949 2381 1063 2454 denique
1078 2396 1106 2435 ut
1121 2389 1211 2437 asiatica

140 2467 233 2528 etiam,
246 2487 269 2521 ss
261 2467 350 2520 forte
367 2469 499 2530 almetas,
514 2464 672 2519 doctissimae
686 2465 839 2530 saltatricis,
853 2484 972 2530 exosses,
989 2467 1114 2520 tremulos
1131 2487 1211 2521 rene·

138 2569 251 2642 reosque
261 2562 348 2603 motus
361 2562 423 2603 tuuc
435 2561 551 2622 spectet,
565 2549 631 2601 mira
644 2548 744 2620 ingenii
736 2548 786 2601 'ad
798 2549 927 2640 nequitias
940 2548 1063 2602 facilitate
1077 2551 1211 2604 celerrime

139 2630 250 2701 arripiat
269 2629 374 2682 eosdem
393 2641 495 2694 motus,
514 2641 539 2680 et
557 2619 594 2680 rel
611 2627 657 2688 τῆς
678 2618 832 2698 ’Δφριδῖτνς
847 2619 991 2697 ιχέμιιτιι,
1011 2628 1075 2681 adeo
1093 2642 1121 2682 ut
1129 2651 1212 2702 ,quas

139 2719 227 2768 nurioa
245 2715 366 2768 ludam
358 2715 475 2779 intrarit,
493 2733 525 2767 ex
538 2715 588 2767 isto
603 2713 753 2786 spectaculo
773 2716 903 2778 Thymele,
924 2733 969 2766 seu
989 2733 1063 2786 aeque
1080 2717 1162 2786 perita
1182 2738 1213 2770 ac

138 2801 289 2874 Thymele,
303 2799 426 2854 discedat.
439 2799 575 2870 Ejusmodi
592 2797 794 2872 gesticulationis
808 2797 976 2850 artificiosum
991 2800 1138 2871 exemplum
1156 2799 1214 2854 vid'.

140 2882 209 2956 apud
224 2882 329 2955 Apulei.
344 2881 429 2935 Miles.
446 2881 487 2948 X,
503 2882 549 2934 ubi
563 2880 671 2936 dearum
686 2879 880 2933 libidinantium
895 2880 1024 2952 judicium
1037 2900 1112 2953 paene
1130 2884 1213 2938 oculis

139 2965 307 3038 subjicitur.»
320 2964 379 3017 Atio
391 2983 468 3017 sensu
478 2965 564 3036 capit,
576 2961 630 3018 vid.
644 2968 678 3015 lio
687 2981 742 3034 seq.
757 2961 864 3028 Mauso,
876 2965 952 3035 cujus
963 2975 1022 3015 uota
1036 2977 1089 3017 est:
1103 2991 1113 3010 ι
1127 2965 1217 3019 Locus

138 3049 182 3102 hic
193 3047 229 3101 de
241 3067 318 3102 scena
332 3059 359 3100 et
372 3047 513 3119 frequenti,
527 3064 606 3117 quam
620 3046 750 3119 prebeat,
767 3043 894 3117 peccandi
907 3047 1044 3099 cccasione
1057 3048 1118 3118 agit.
1134 3048 1214 3101 Nulla

141 3131 238 3184 fernina
251 3171 259 3196 ,
271 3128 358 3201 inquit
372 3141 463 3201 poeta,
476 3145 535 3200 quse
547 3129 693 3200 spectacula
705 3127 773 3191 adit,
786 3146 882 3189 secure,
900 3127 952 3180 hoc
966 3141 1020 3193 est,
1033 3129 1090 3182 siue
1106 3129 1214 3197 timore,

140 3233 173 3267 ne
183 3214 266 3268 fidem
280 3214 351 3266 fallat
361 3225 386 3266 et
397 3212 527 3286 pudorem
539 3212 661 3285 abjiciat,
675 3230 689 3262 a
702 3211 795 3284 marito
806 3211 888 3262 amari
901 3224 994 3282 potest.
1009 3211 1060 3264 Tot
1073 3212 1142 3265 enim
1153 3227 1215 3266 sunt

141 3299 309 3353 incitamenta
322 3297 480 3368 voluptatis,
492 3307 529 3348 tot
540 3307 645 3367 tamque
656 3293 774 3347 nefandae
785 3294 870 3345 omnis
883 3294 984 3364 generis
998 3295 1138 3366 nequitiae,
1151 3315 1215 3368 quas

142 3378 260 3434 saltando
271 3379 299 3432 in
312 3379 413 3432 theatro
424 3378 499 3432 mimi
514 3378 679 3450 exprimunt,
696 3389 725 3428 ut
738 3394 845 3429 summe
858 3374 974 3428 libidinis
986 3377 1026 3428 ris
1038 3380 1124 3430 statim
1138 3398 1215 3452 spec·

142 3463 246 3517 tau-icas
257 3462 364 3515 invadat
374 3475 399 3515 et
410 3474 504 3515 teneat.
522 3463 588 3526 Qun
598 3461 666 3514 dicta
680 3472 710 3512 ut
721 3461 831 3512 illustret
843 3472 869 3513 et
880 3457 972 3534 prubet
983 3462 1133 3529 luvenalis,
1147 3463 1215 3535 adji-

143 3546 321 3617 citexempla,
332 3565 370 3598 vs.
382 3545 415 3598 63
426 3564 481 3616 seq.
493 3547 568 3616 cujus
579 3544 633 3597 loci
644 3562 721 3597 verus
734 3561 825 3596 sensus
835 3543 881 3595 hic
895 3555 940 3596 eat.
964 3546 1092 3610 Thymele,
1112 3548 1212 3608 asiatica,

142 3631 229 3704 puella
243 3629 318 3682 rudis
331 3641 355 3682 et
368 3628 504 3701 imperita,
518 3645 580 3680 rure
591 3628 658 3680 forte
668 3628 696 3679 iu
710 3626 802 3679 urbem
815 3627 907 3689 missa,
921 3637 946 3679 et
957 3627 1088 3680 theatrum
1101 3628 1214 3700 ingressa

145 3715 200 3784 (ita
221 3713 300 3766 etiam
317 3711 417 3764 Bahrdt
432 3711 553 3780 etalii),
566 3729 638 3779 qraam
653 3712 791 3775 Butlryllum
806 3714 897 3760 ledam
913 3714 1041 3762 saltantem
1059 3715 1144 3774 uidet,
1158 3714 1216 3768 fixis

144 3796 229 3850 oculis
241 3807 348 3866 totaque
359 3807 446 3847 mente
455 3793 483 3847 in
492 3797 548 3866 ejus
558 3794 673 3865 gestibus
684 3793 851 3864 motibusque
860 3791 956 3858 heret,
968 3805 994 3846 et
1007 3792 1067 3847 iude
1079 3807 1146 3848 artes
1157 3814 1215 3848 mo·

146 3877 246 3950 dasque
256 3864 358 3932 disum
367 3877 456 3949 cupit,
467 3877 564 3948 quibus
573 3876 628 3949 ipsa
640 3888 729 3948 postea
739 3876 767 3926 in
778 3893 854 3927 scena
866 3873 998 3941 inclaruit,
1011 3875 1153 3949 laudesque
1164 3879 1215 3931 im·

147 3961 263 4016 modicas
271 3961 375 4016 meruit.
388 3962 447 4013 Viri
458 3961 528 4014 docti
542 3979 594 4012 nou
606 3961 634 4012 in
649 3961 763 4024 Thymele
776 3969 876 4010 tantum
890 3958 1031 4027 falluntur,
1042 3963 1087 4014 sed
1099 3962 1175 4014 etiam
1187 3963 1216 4016 in

146 4051 274 4113 uatytla,
287 4045 353 4100 dum
366 4043 399 4098 de
411 4045 560 4098 Maecenatis
574 4045 669 4097 liberto
682 4043 795 4096 multum
807 4055 892 4096 amato
903 4043 1037 4114 cogitant,
1049 4038 1128 4116 quem
1140 4044 1216 4118 Thy-

150 4131 231 4197 aete,
243 4129 294 4186 sub
304 4127 456 4182 Domitiano
467 4129 496 4182 in
507 4128 609 4184 uacuo
621 4145 747 4198 regnans,
760 4139 878 4199 spectare
888 4137 915 4182 et
927 4127 1017 4182 utheri
1031 4145 1158 4184 essenon
1168 4147 1219 4203 po·
