3056 4984
431 369 434 378 ’
486 369 672 448 snmus
700 383 878 448 sexus.
1155 381 1219 471 375

152 497 220 585 Qui
235 521 338 593 grege
351 497 494 592 linigero
509 496 735 567 circumdatus
749 511 783 566 et
798 521 899 592 grege
912 495 1008 568 calvo

152 603 346 700 Plangentis
360 605 477 702 populi
491 607 597 675 currit
610 606 739 676 derisor
752 606 892 675 Anubis.

151 714 211 784 Ille
229 717 316 810 petit
328 716 623 810 veniam‚qu0ties
636 741 705 784 non
719 716 866 784 abstinet
876 741 963 784 uxor
1168 731 1219 785 535

152 828 344 897 Concubitu
358 829 461 898 sacris
477 826 760 922 observandisque
774 826 909 914 diebus;

153 939 345 1033 Magnaque
359 937 502 1008 debetur
514 937 637 1007 violato
651 961 751 1031 poena
764 936 918 1006 cadurco.

152 1050 196 1116 Et
211 1049 355 1117 movisse
369 1063 471 1142 ceput
485 1046 555 1116 visa
568 1063 619 1117 est
631 1062 792 1141 argentea
805 1071 943 1142 serpens
958 1072 966 1114 :

153 1153 245 1228 Illius
259 1158 414 1254 lacrymae
428 1158 655 1252 meditataque
672 1181 845 1226 murmura
860 1171 1036 1251 praestunt,

153 1267 201 1335 Ut
215 1267 349 1336 veniam
366 1267 473 1362 culpe
488 1293 558 1336 non
572 1268 714 1354 abnuat,
730 1291 848 1338 ansere
864 1275 987 1361 magno
1169 1281 1220 1344 540

153 1375 287 1446 Scilicet
300 1392 335 1447 et
348 1377 444 1446 tenui
458 1401 592 1472 popano
607 1393 801 1471 corruptus,
815 1361 932 1476 Osiris.

199 1486 315 1574 Quum
329 1486 423 1555 dedit
436 1485 490 1556 ille
504 1486 630 1573 locum,
646 1485 793 1581 cophino
807 1484 967 1582 loenoque
982 1483 1099 1554 relicto

152 1599 318 1668 Arcanam
330 1603 350 1668 J
351 1599 447 1669 udaea
459 1615 606 1669 tremens
618 1599 790 1668 mendicat
804 1599 838 1668 in
852 1621 986 1685 aurem,

152 1709 325 1803 interpres
339 1708 450 1802 legum
464 1708 693 1803 Solymarum,
708 1724 742 1779 et
754 1733 876 1804 magna
889 1709 1043 1778 sacerdos

152 1819 360 1906 Arboris,ac
375 1817 497 1889 summi
512 1817 580 1887 fida
594 1820 804 1888 internuntia
816 1819 897 1889 caeli.
1067 1870 1071 1877 .
1168 1830 1217 1895 545

153 1927 277 2023 Implet
289 1944 323 1998 et
336 1927 393 1998 illa
403 1953 559 2016 manum,
573 1929 632 1999 sed
647 1931 779 2025 parcius
790 1956 803 2022 νε
818 1953 884 1999 aere
899 1929 1029 1998 minuto

146 2035 418 2131 ‘Qualiscumque
433 2037 524 2108 voles
536 2041 556 2107 J
558 2039 645 2110 udaei
659 2039 787 2108 somnia
800 2037 963 2108 vendunt.

152 2145 304 2241 Spondet
316 2163 500 2217 amatorem
514 2163 688 2234 tenerum,
701 2149 755 2218 vel
769 2148 880 2217 divitis
893 2147 967 2216 orbi

150 2359 214 2435 qui,
228 2362 432 2420 comitantibus
445 2362 506 2420 aliis
517 2365 812 2434 sacerdotibus,·linea
820 2361 929 2420 indutis
939 2372 1029 2432 veste,
1040 2369 1070 2416 et
1078 2377 1143 2416 ruso
1153 2377 1219 2416 ver-

151 2453 204 2509 tice
220 2453 399 2528 conspicuis,
414 2465 550 2532 regatur,
564 2467 598 2512 ut
609 2456 679 2513 olim
691 2456 805 2513 Anubis
814 2455 901 2530 Apim
915 2471 1062 2529 querens,
1076 2462 1105 2508 et
1116 2452 1219 2527 lugen-

150 2555 207 2600 tem
222 2547 365 2622 populum
378 2547 479 2604 tacitus
490 2548 634 2605 deridens.
649 2536 825 2606 mentulam
838 2546 909 2622 petit
920 2559 1093 2621 promote,
1107 2544 1220 2618 quotics

149 2637 282 2712 perdice
299 2637 386 2695 festos
406 2650 436 2695 et
453 2639 585 2716 religiose
603 2639 798 2696 observandos
808 2629 970 2695 'concubitu
986 2654 1046 2693 non
1064 2636 1220 2705 abstinuit3

148 2741 304 2804 postquem
314 2731 358 2786 illi
366 2733 537 2814 persuaserit
548 2754 679 2810 magnam
688 2719 868 2809 posnani'esse
876 2733 1056 2802 solvendum,
1069 2730 1148 2806 quod
1161 2728 1221 2786 tori

150 2820 309 2896 conjugalis
324 2824 499 2900 stragulum,
523 2824 555 2880 id
570 2837 628 2896 est,
649 2812 773 2882 sunctum
786 2825 899 2882 dierum
912 2824 1050 2880 lestorum
1064 2821 1228 2896 restitissem*

148 2913 303 2971 uiolauerit
318 2931 326 2968 τ
344 2912 461 2994 jamque
476 2933 592 2991 serpens
608 2927 742 2993 argenteo
755 2927 841 2992 ceput
852 2915 975 2972 movisse
986 2913 1046 2968 visa
1057 2924 1113 2983 est,
1127 2923 1156 2970 ct
1173 2913 1226 2967 ls···

149 3005 255 3081 crymis
268 3006 416 3063 assensisse
431 3008 603 3079 sacerdotis,
619 3009 699 3081 cujus
710 3009 802 3066 tacite
812 3007 990 3084 precationes
1003 3006 1099 3061 enimc
1114 3022 1220 3062 conee-

148 3107 204 3172 ptae
215 3107 246 3154 et
257 3115 323 3153 cum
336 3115 454 3154 susurro
465 3117 603 3173 expresse
616 3097 759 3168 efficiunt,
776 3107 809 3155 ut
823 3099 913 3172 culpae
925 3096 1055 3172 quumvis
1066 3096 1219 3172 gravinen

150 3199 262 3244 recuset
272 3188 422 3264 ignoscere
433 3188 502 3246 deus
513 3189 617 3260 Osiris,
627 3189 673 3245 cui
684 3191 791 3247 scilicet
803 3189 983 3248 conciliando
996 3189 1093 3265 magni
1105 3207 1219 3246 anseres

149 3289 178 3337 et
192 3289 294 3337 tenues
306 3281 442 3354 ploceutae
456 3281 628 3338 oli'ernntur.⁴
730 3311 736 3324 ·
854 3308 857 3318 ›

189 3372 258 3440 542.
275 3375 429 3448 Postquam
440 3373 489 3431 ille
499 3374 582 3431 Isidis
593 3391 721 3431 summus
732 3376 848 3432 antistes
859 3363 947 3431 domo
960 3385 1098 3432 metrone
1109 3374 1219 3450 digres-

151 3483 197 3521 sus
216 3477 277 3536 est,
296 3477 359 3522 tum
376 3464 473 3522 Judaeo
493 3467 599 3524 mulier
616 3465 742 3542 cophino
761 3478 791 3524 et
809 3467 887 3524 foeno
904 3466 1010 3523 relictis
1028 3463 1219 3522 tremebunde

151 3557 292 3627 succedit,
311 3568 397 3631 atque
411 3558 486 3613 clam
499 3558 531 3613 iu
545 3557 753 3634 superstitiosus
767 3577 849 3616 eures
865 3549 975 3632 aliquid
987 3556 1148 3626 mendicet,
1169 3555 1216 3611 illn

150 3649 245 3725 legum
263 3648 469 3724 Solymarum
484 3649 644 3725 interpres,
665 3669 767 3727 magns
781 3653 866 3728 sylvae
880 3650 1003 3708 Aricinae
1021 3647 1169 3716 sacerdos,
1184 3665 1219 3706 sc

151 3739 242 3798 fidelis
261 3740 455 3811 internuntia,
476 3759 539 3818 quae
553 3743 614 3799 celi
629 3741 834 3818 omnipotentis
844 3740 920 3815 jussu
934 3741 972 3797 ed
983 3757 1054 3808 uos,
1073 3749 1101 3794 et
1118 3748 1216 3804 nostre

150 3833 186 3889 ed
196 3833 297 3890 calum
308 3822 375 3890 rota
387 3833 536 3904 deserens,
549 3834 589 3891 sic
600 3835 701 3910 implet
714 3851 830 3890 manum
841 3849 919 3890 suem
931 3831 1016 3888 donis
1027 3831 1113 3906 louge
1123 3829 1216 3886 miuo-

151 3925 230 3983 ribus
241 3945 328 4002 quem
341 3925 424 3984 lsidis
435 3928 609 3999 secerdotes,
626 3945 678 3984 nec
689 3926 768 3984 eliud
779 3927 936 4002 quidquem
947 3933 1052 4000 praeter
1062 3941 1169 3998 pancos
1180 3940 1216 3980 ex

150 4037 203 4076 aere
217 4020 382 4076 nummulos
394 4020 495 4078 aufert.
513 4023 707 4097 Quaecumque
719 4021 864 4096 o'ptiveris
872 4018 998 4088 somnia,
1010 4017 1072 4073 lroec
1083 4016 1136 4073 tibi
1149 4028 1214 4072 ten-

150 4127 235 4185 quem
243 4129 313 4169 veru
322 4098 562 4170 venduntsu'daei.
572 4116 705 4190 Aruspex
714 4113 816 4190 aliquis
826 4131 862 4171 ex
871 4107 1007 4168 Armenia
1019 4110 1066 4167 rel
1080 4110 1214 4168 Comme·
