3130 4986
334 463 396 528 156
606 465 646 526 D.
675 463 813 527 JUerl
839 459 1118 528 JUVENALIS

330 577 403 645 Nos
421 576 539 643 urbem
556 575 697 645 colimus
711 576 807 644 tenui
827 577 962 645 tibicine
981 576 1098 646 fultam

308 679 310 686 '
331 684 459 776 Magna
476 697 571 778 parte
591 684 666 752 sui:
687 709 764 752 narn
780 685 829 754 sic
846 685 1032 756 labentibus
1051 689 1162 756 obstat

330 790 490 877 Villicus,
511 807 559 878 et,
579 794 701 862 veteris
717 795 810 863 rimae
828 820 931 889 quum
947 797 1029 863 texit
1045 796 1190 879 hiatum,
1348 819 1380 870 19

330 903 473 970 Securos
490 902 658 996 pendente
675 903 773 997 jubet
789 904 938 972 dormire
956 904 1064 972 ruina.

330 1010 524 1080 Vivendum
541 1028 591 1081 est
609 1012 695 1098 illic,
712 1013 769 1082 ubi
785 1012 878 1082 nulla
891 1013 1061 1100 incendia,
1077 1011 1160 1081 nulli

330 1121 440 1189 Nocte
456 1136 574 1190 metus.
591 1125 665 1190 Jarn
682 1124 792 1217 poscit
810 1149 948 1217 aquam,
962 1123 1031 1216 jam
1047 1123 1169 1192 frivola
1184 1117 1345 1190 transfert

329 1229 524 1325 Ucaleg0n3
543 1231 688 1300 tabulata
704 1233 763 1300 tibi
776 1233 846 1326 jam
864 1233 963 1301 tertia
978 1231 1108 1302 fumant
1125 1258 1133 1299 :

329 1341 382 1409 Tu
401 1343 529 1410 nescis:
552 1367 628 1409 nam
648 1343 674 1410 si
694 1342 850 1437 gradibus
869 1341 1056 1436 trepidatur
1074 1342 1115 1410 ab
1132 1341 1226 1425 imis,
1348 1369 1399 1405 eoo

331 1450 478 1521 Ultimus
497 1452 644 1538 ardebit,
664 1477 765 1546 quem
786 1452 897 1546 tegula
915 1452 984 1521 sola
1003 1467 1117 1521 tuetur

331 1559 361 1627 A
380 1558 515 1653 pluvia,
531 1560 648 1629 molles
664 1561 722 1628 ubi
739 1561 886 1630 reddunt
899 1586 963 1631 ova
980 1561 1154 1630 columbae.

379 1673 532 1740 «Lectus
549 1687 620 1740 erat
639 1672 752 1742 Codro
768 1671 911 1741 Procula
927 1673 1052 1755 minor,
1069 1667 1196 1738 urceoli
1211 1693 1284 1750 sex,

332 1781 579 1848 Ornamentum
596 1781 707 1866 abaci,
725 1805 872 1850 necnon
894 1795 928 1848 et
947 1778 1104 1874 parvulus
1120 1776 1208 1845 infra

332 1889 538 1976 Cantharus,
556 1904 591 1957 et
605 1890 767 1958 recubans
785 1888 847 1958 sub
864 1887 983 1956 eodem
1000 1910 1166 1954 marmore
1180 1885 1328 1970 Chiron;
1348 1899 1400 1950 205

330 2001 474 2093 Jamque
492 2013 588 2068 vetus
603 2000 741 2070 Graecos
759 1997 913 2068 servabat
928 1997 1009 2066 cista
1027 1994 1174 2081 libellos,

333 2110 378 2178 Et
396 2108 510 2176 divina
527 2109 615 2202 opici
635 2107 800 2178 rodebant
817 2109 965 2178 carmina
981 2130 1102 2174 mures.

333 2347 459 2419 Tibure,
473 2327 554 2423 quod
568 2350 599 2404 iu
612 2349 687 2405 cliro
699 2361 741 2406 est
756 2349 953 2407 exstructum?
968 2345 1073 2404 Nesia
1085 2347 1159 2403 urbe
1171 2345 1273 2402 domos
1285 2343 1401 2400 habita·

333 2457 397 2496 anus
412 2439 522 2496 leuibus
539 2441 636 2496 fulcris
651 2442 773 2497 maxima
791 2441 834 2498 sui
846 2452 927 2516 parte
940 2449 1129 2496 sustentatas:
1147 2455 1216 2512 quas
1231 2437 1256 2492 si
1266 2435 1401 2511 opposito

333 2532 417 2608 tigno
433 2529 559 2588 firmauit
574 2533 705 2604 villicus,
718 2553 755 2591 ne
768 2534 882 2608 penitus
894 2541 1048 2600 corruant3
1062 2530 1086 2586 si
1100 2547 1197 2586 samm
1213 2528 1324 2584 hiantes
1339 2528 1403 2602 pri-

334 2623 402 2679 dem
414 2623 499 2679 rimas
510 2633 538 2678 et
548 2623 618 2680 vitia
633 2625 758 2682 obduxit
770 2623 827 2680 levi
839 2623 936 2698 aliquo
951 2621 1088 2690 tectorio,
1103 2620 1169 2676 satis
1182 2621 1238 2676 hor
1250 2637 1309 2675 esse
1319 2629 1402 2693 putat

334 2717 372 2775 ad
383 2727 511 2774 nostram
524 2719 706 2774 securitatem
718 2760 726 2786 ,
737 2735 849 2791 nosque
861 2716 988 2772 dormire
999 2716 1030 2770 in
1039 2725 1190 2789 utramque
1200 2733 1297 2770 aurem
1304 2713 1401 2786 jubet,

335 2807 466 2882 mmsis
481 2807 571 2866 ruinae
582 2808 741 2882 perieulum
755 2807 1007 2883 prasentissimunt
1026 2806 1198 2882 impendeat.
1212 2809 1328 2862 Praestat
1344 2805 1403 2862 illie

335 2901 451 2973 vivere,
472 2901 523 2958 ubi
541 2902 619 2957 nulla
641 2901 773 2958 incendia
793 2900 960 2969 timeantur,
976 2919 1039 2973 qua
1052 2910 1110 2956 tarn
1123 2917 1239 2975 gravem
1253 2908 1283 2954 et
1293 2909 1402 2972 Justuan

335 2993 510 3068 pauperibus
521 3004 630 3050 metum
642 3013 674 3049 ac
683 2993 819 3050 damam
828 2991 953 3048 afferunt
965 2994 1065 3049 Romae
1077 3013 1084 3048 ε
1094 2991 1161 3059 ubi,
1175 2991 1198 3047 si
1207 2991 1290 3047 ardet
1299 2991 1403 3048 domus

335 3082 447 3157 aliqua,
464 3103 554 3158 quum
577 3085 637 3158 ipse
655 3084 759 3140 aedium
776 3085 927 3155 dominus,
946 3097 994 3141 aut
1007 3083 1095 3140 vicini
1109 3083 1283 3158 trepidantes
1300 3101 1403 3156 aquam

335 3189 475 3252 poscunt,
492 3197 524 3234 ac
538 3178 742 3254 supellectilem
754 3178 811 3234 alio
825 3176 1017 3247 transferunt,
1033 3177 1137 3233 sensim
1148 3176 1280 3250 pervenit
1293 3175 1330 3231 ad
1343 3185 1402 3232 ter·

335 3267 406 3322 tiam
418 3268 664 3344 contignationem
678 3266 806 3336 flamma,
821 3268 923 3344 ignaro
937 3289 969 3326 ac
980 3268 1125 3325 nesciente
1139 3278 1167 3324 te
1180 3267 1323 3341 inquilino
1334 3285 1404 3341 pau·

336 3376 422 3433 pere,
443 3360 509 3434 quia
530 3359 561 3414 in
581 3377 690 3416 summa
712 3371 742 3416 et
761 3360 950 3416 remotissima
967 3359 1071 3416 edium
1093 3370 1175 3435 parte
1193 3357 1290 3433 degis,
1312 3376 1403 3433 prope

338 3451 446 3526 tegulas
468 3451 572 3524 quibus
591 3451 659 3506 solis
680 3470 695 3506 a
716 3451 812 3525 pluria
828 3451 1008 3520 defenderis,
1032 3460 1061 3506 et
1078 3451 1211 3520 nidulos,
1233 3450 1284 3506 ubi
1299 3462 1403 3506 tenera

337 3541 478 3599 columbae
492 3561 548 3598 ova
558 3541 727 3617 deponunt:
743 3541 817 3617 ignis
831 3543 867 3598 ab
882 3543 945 3599 imis
959 3542 1039 3599 scalis
1052 3541 1186 3617 oceoepit,
1202 3541 1233 3597 in
1244 3551 1273 3598 te
1283 3541 1403 3598 desinet.

378 3633 446 3690 203.
457 3657 470 3682 α
479 3633 593 3690 Codrus
599 3634 671 3688 nilril
679 3633 862 3708 supellectilis
869 3633 992 3690 babebat
1002 3645 1107 3709 praeter
1116 3628 1268 3705 lectulum,
1282 3651 1405 3706 eumque

337 3748 387 3786 sua
397 3744 490 3784 uxore
500 3729 621 3784 Procula
632 3727 814 3797 breviorem,
825 3745 875 3783 sex
886 3728 1014 3794 vascula,
1027 3728 1132 3802 quibus
1143 3738 1261 3784 ornatus
1272 3736 1333 3782 erat
1344 3723 1405 3797 ejus

338 3822 441 3877 macne
458 3838 474 3876 e
491 3819 572 3896 ligno
586 3821 637 3876 vili
660 3819 824 3892 conlectus,
848 3819 924 3874 infra
937 3837 1022 3892 quern
1037 3820 1188 3876 cantharus
1203 3817 1360 3886 visebatur,
1377 3827 1408 3873 et

338 3925 430 3972 statua
451 3912 585 3970 Chironis
610 3913 664 3970 sub
682 3914 785 3971 eodem
804 3911 856 3969 vili
875 3911 964 3968 abaco
985 3912 1112 3985 jacentis.
1134 3912 1245 3970 Detritn
1264 3921 1406 3966 vetustate

339 4005 436 4062 arcula
457 4006 637 4064 custodiebat
657 4008 776 4064 Gnaeos
794 4005 933 4080 quosdam
954 4005 1085 4077 libellos,
1105 4007 1137 4062 in
1157 4006 1261 4080 quihus
1281 4004 1406 4060 carmina

341 4095 479 4153 divinitus
499 4099 606 4174 scripta
626 4099 756 4168 indocti,
778 4110 811 4156 ut
829 4098 920 4174 Opica
939 4117 1009 4175 gens
1030 4111 1089 4170 est,
1111 4117 1206 4156 mures
1220 4096 1406 4155 arrodebant.

342 4190 408 4247 Haec
422 4189 517 4246 omnia
531 4191 638 4248 nullius
652 4192 784 4268 profecto
800 4191 905 4267 pretii,
920 4211 952 4248 ac
967 4191 1039 4248 nihil
1054 4191 1151 4265 potius
1164 4200 1258 4260 erant;
1276 4207 1363 4247 neruo
1374 4187 1405 4246 id
