3130 4986
315 483 359 546 90
589 464 630 526 o.
659 462 795 526 suun
824 463 1108 528 Juvauams

316 576 479 662 Historia,
497 575 669 670 speculum
686 575 792 646 civilis
808 579 938 647 sarcina
953 577 1049 648 belli!

315 684 484 753 Nimirum
500 686 620 753 summi
635 685 731 755 ducis
747 700 814 770 est,
831 687 984 756 occidere
1000 687 1158 774 Galbam,

314 795 359 861 Et
375 818 491 862 curare
509 809 636 880 cutem;
654 797 774 864 summi
791 799 977 866 constantia
993 799 1095 885 civis,
1332 807 1382 861 ¹⁰⁵

315 903 466 972 Bebriaci
483 929 602 998 campo
618 905 762 1000 spolium
779 905 938 977 affectare
955 908 1081 994 Palati,

314 1013 358 1078 Et
373 1037 522 1106 pressum
540 1015 575 1082 in
592 1013 710 1084 faciem
726 1015 838 1109 digitis
854 1016 1034 1086 extendere
1050 1039 1195 1111 panem:

313 1123 415 1209 Quod
431 1149 494 1193 nec
511 1127 545 1193 in
562 1127 698 1219 Assyrio
714 1127 908 1220 pharetrata
923 1129 1114 1198 Semiramis
1129 1128 1229 1214 orbe,

315 1234 436 1302 Moesta
452 1258 515 1304 nec
532 1237 668 1304 Actiaca
685 1234 765 1306 lecit
781 1236 960 1329 Cleopatra
977 1237 1100 1306 carina.

363 1343 429 1410 Hic
445 1341 556 1411 nullus
573 1344 683 1414 verbis
700 1345 825 1443 pudor,
841 1359 899 1414 aut
915 1347 1105 1414 reverentia
1120 1369 1264 1414 mensae:
1334 1369 1387 1407 1¹⁰

316 1452 381 1520 Hic
397 1453 503 1547 turpis
519 1454 645 1548 Cybele
662 1470 728 1541 est,
745 1471 779 1524 et
792 1455 898 1525 fracta
913 1479 996 1525 voce
1014 1455 1173 1550 loquendi

315 1561 482 1648 Libertas,
499 1578 533 1632 et
548 1566 642 1633 crine
659 1591 761 1635 senex
776 1566 942 1635 fanaticus
959 1564 1035 1636 albo

314 1673 492 1740 Sacrorum
509 1675 663 1760 antistes,
680 1698 793 1743 rarum
810 1699 849 1742 ac
865 1673 1082 1742 memorabile
1097 1673 1211 1766 magni

197 1773 200 1787 ⁴
314 1783 469 1852 Gutturis
485 1785 689 1878 exemplum,
707 1783 1013 1877 conducendusque
1029 1783 1198 1876 magister.

314 1892 405 1978 Quid
416 1907 528 1961 tamen
540 1894 911 1988 exspectant,Phryg'io
923 1917 1006 1986 quos
1018 1907 1153 1985 tempus
1163 1903 1236 1960 erat
1244 1889 1313 1982 jam
1338 1899 1388 1952 nt

315 2001 414 2068 More
430 2025 672 2096 supervacuam
689 2001 805 2073 cultris
821 2003 1023 2097 abrumpere
1040 1998 1199 2072 earnem?

316 2237 428 2307 tentis,
453 2251 657 2309 numeratum,
673 2259 719 2298 res
740 2252 784 2298 est
808 2241 895 2318 digna
921 2260 985 2315 qua
1006 2240 1037 2296 in
1060 2239 1198 2296 Romanis
1221 2248 1391 2294 nostrorum

314 2341 479 2406 temporum
500 2332 664 2404 annalibus,
682 2345 712 2390 ct
735 2333 874 2409 peculiari
889 2333 1015 2407 quadam
1033 2331 1153 2388 historia
1169 2333 1290 2407 legatur.
1313 2330 1391 2388 Sane

312 2423 368 2480 luit
386 2423 460 2480 illud
475 2425 604 2499 praeclari
625 2426 706 2482 ducis
727 2426 854 2496 facinus,
875 2425 996 2482 Galbam
1017 2443 1115 2481 senem
1133 2421 1313 2490 interlicere3
1334 2420 1391 2477 fuit

314 2516 373 2572 baec
389 2516 458 2572 ciris
475 2517 572 2572 eximii
587 2517 750 2588 fortitudo,
768 2537 867 2576 curare
883 2517 1051 2586 cuticulam,
1075 2527 1104 2572 et
1119 2515 1205 2592 genio
1223 2523 1393 2570 constanter

313 2608 481 2684 indulgere,
495 2610 606 2665 bostem
619 2611 650 2665 in
670 2611 746 2687 agris
762 2609 905 2666 bebriacis
924 2610 1077 2676 lacessere,
1091 2608 1129 2663 ad
1147 2604 1318 2663 obtinendas
1331 2603 1390 2660 im-

314 2700 452 2773 peratorii
465 2700 563 2775 palatii
579 2720 680 2776 gazas,
694 2720 727 2758 ac
737 2701 849 2757 ludicra
865 2710 1048 2769 ornamenta,
1059 2701 1140 2756 velut
1152 2699 1249 2773 opima
1258 2695 1350 2770 spolia
1360 2706 1392 2751 et

313 2791 442 2850 victoriae
460 2794 593 2869 praemia3
617 2794 698 2869 panis
713 2793 817 2852 offulas
834 2792 978 2863 madidas,
999 2804 1028 2850 et
1052 2793 1149 2870 digitis
1165 2809 1341 2866 compressae
1356 2805 1391 2846 ec

313 2885 460 2955 subactas,
477 2885 572 2942 vultrai
593 2885 746 2962 levigando
766 2885 986 2958 dealbaadoque
997 2885 1135 2942 adbibere
1150 2907 1158 2942 ε
1173 2884 1254 2959 quod
1267 2899 1392 2958 nequea

315 2977 517 3050 Semiramide,
532 2998 595 3054 quae
609 2997 688 3035 arma
702 2977 805 3035 bellica
819 2979 1056 3053 pharetramque,
1072 2979 1140 3036 lieet
1155 2977 1279 3050 semina,
1295 2987 1392 3053 geata-

315 3068 384 3136 bat,
401 3068 508 3126 laetum
528 3072 607 3146 apud
630 3071 763 3146 Assyrios
781 3070 858 3140 fuit,
880 3090 975 3147 neque
993 3090 1009 3127 a
1027 3073 1179 3146 Cleopatra
1195 3071 1235 3128 ob
1259 3070 1390 3127 amisum

315 3157 432 3216 Actiaca
456 3179 553 3237 pugna
570 3161 721 3218 victoriam
739 3163 869 3220 navalem
881 3174 1037 3234 moerente,
1053 3174 1083 3221 et
1096 3163 1169 3220 bam
1188 3163 1306 3218 Curis
1325 3180 1391 3220 me·

317 3261 425 3308 menie.

360 3363 371 3399 1
381 3363 425 3400 ro.
442 3343 577 3400 Ceterum
587 3345 617 3400 in
626 3346 684 3402 boc
692 3345 808 3420 impuro
820 3343 1044 3402 sacrificulorum
1052 3364 1141 3422 grege
1150 3357 1179 3402 et
1187 3342 1392 3412 contubernio,

316 3439 395 3496 nulla
407 3450 450 3496 ost
462 3439 508 3494 vel
518 3438 549 3494 in
561 3440 724 3514 loquendo,
737 3441 784 3497 vel
796 3439 827 3496 in
840 3439 970 3514 potando
985 3438 1159 3496 verecundia
1174 3460 1181 3494 :
1199 3436 1315 3494 lieentia
1328 3450 1393 3492 ma-

316 3532 393 3590 xima
406 3551 491 3590 voces
502 3533 649 3590 obaeoenas
660 3533 854 3604 balbutiendi,
866 3543 895 3590 et
908 3530 1029 3588 faciendi
1041 3531 1185 3606 quidquid
1197 3529 1393 3604 turpissimum
1431 3587 1446 3612 5

316 3623 348 3680 in
363 3624 449 3681 sacris
469 3625 590 3701 Cybeles
617 3623 680 3682 fieri
704 3626 862 3683 consucvit.
890 3624 1005 3700 Quippe
1027 3623 1083 3682 illis
1104 3621 1293 3699 impudicitiae
1312 3620 1396 3696 quasi

318 3721 404 3779 sacris
424 3721 557 3796 presidet
574 3737 662 3778 senex
682 3722 785 3797 aliquis
809 3721 988 3796 lymphatus,
1011 3737 1071 3776 non
1089 3731 1148 3776 tarn
1167 3718 1338 3794 spectandus
1353 3716 1394 3773 ob

318 3814 412 3870 crines
425 3831 528 3883 canos,
546 3831 633 3888 quana
647 3815 687 3870 ob
711 3833 805 3870 raram
824 3813 952 3890 gutturis
968 3813 1187 3890 amplitudinem
1205 3822 1235 3869 et
1250 3809 1396 3867 immensi-

320 3913 408 3962 tatem
419 3907 505 3980 gata,
518 3925 551 3977 ac
561 3905 665 3983 dignus
679 3907 730 3981 qui
742 3906 838 3982 pretio
849 3905 1043 3976 conducatur,
1056 3917 1088 3962 ut
1105 3907 1175 3963 tales
1187 3903 1344 3978 discipulos
1355 3901 1395 3958 ad

321 3997 387 4054 talia
405 3997 545 4056 irutiteat.
565 4000 624 4058 Sed
636 4000 708 4075 quid
718 4009 885 4075 exspectant
902 3998 946 4056 illi
962 3998 1037 4055 viri?
1051 4017 1100 4056 eos
1114 3997 1228 4072 pridem
1239 3995 1396 4071 oportebat

320 4099 479 4163 amputasse
493 4092 549 4148 sibi
557 4109 622 4150 cum
633 4092 752 4168 lapideis
761 4091 876 4162 cultris,
890 4109 972 4150 mere
984 4090 1178 4168 Phrygiarum
1193 4088 1394 4155 sacerdotum,

322 4200 383 4246 eam
395 4193 524 4254 carnem,
538 4203 594 4260 qua
607 4185 664 4242 viai
675 4195 758 4256 aaut,
772 4185 842 4262 ipsis
856 4184 988 4244 inutilem
1000 4184 1151 4244 madiebria
1159 4181 1344 4259 patientibus.
