3130 4986
449 425 636 492 sarraa
665 423 916 491 sacrani.
1166 429 1213 513 Ι93

142 537 185 608 Et
199 535 342 624 Catulis,
359 539 539 634 Paullique
556 538 757 626 minoribus,
774 554 808 608 et
823 540 948 627 Fabiis,
964 555 998 610 et

141 648 307 716 Omnibus
323 647 367 716 ad
384 648 525 743 podium
541 648 791 742 spectantibus:
808 649 861 718 his
878 648 957 719 licet
972 652 1080 744 ipsum

143 758 351 846 Admoveas,
369 760 467 852 cujus
483 774 564 828 tunc
581 782 721 827 munere
738 760 822 828 retia
838 759 939 829 misit.

192 871 273 937 Esse
290 867 421 963 aliquid
437 893 567 954 manes,
584 883 619 937 et
634 869 853 938 subterranea
869 894 991 964 regna,

145 981 189 1046 Et
204 994 362 1066 contum,
378 993 413 1047 et
428 979 546 1074 Stygio
562 1003 659 1047 ranas
675 980 709 1046 in
727 981 860 1074 gurgite
877 981 1008 1074 nigras,
1169 991 1218 1045 150

146 1091 256 1182 Atque
272 1113 343 1156 una
358 1089 500 1157 transire
516 1089 637 1159 vadum
653 1102 703 1157 tot
718 1086 820 1156 millia
837 1091 973 1182 cymba,

146 1202 223 1270 Nec
238 1201 337 1293 pueri
355 1200 516 1285 credunt,
533 1200 598 1269 nisi
615 1200 671 1293 qui
689 1199 839 1268 nondum
855 1223 920 1268 aere
937 1198 1100 1268 lavantur.

148 1307 214 1377 Sed
230 1323 267 1376 tu
282 1333 365 1376 vcra
381 1323 473 1402 puta.
492 1309 612 1379 Curius
628 1309 709 1402 quid
726 1307 841 1394 sentit,
858 1321 892 1375 et
907 1308 1006 1377 ambo

147 1416 328 1512 Scipiadae,
346 1417 427 1511 quid
444 1417 632 1504 Fabricius,
649 1440 829 1509 manesque
846 1416 995 1504 Camilli,

148 1527 241 1615 Quid
256 1529 427 1597 Cremera
444 1525 547 1620 legio,
564 1540 597 1593 et
613 1525 738 1594 Cannis
755 1540 951 1620 consumpta
965 1527 1141 1618 juventus,
1174 1536 1222 1589 155

149 1639 215 1704 Tot
231 1634 400 1704 b'ellorum
415 1635 548 1719 animae,
566 1634 696 1728 quoties
712 1635 792 1704 hinc
810 1635 883 1704 talis
900 1636 941 1705 ad
958 1635 1031 1705 illos

151 1745 281 1814 Umbra
299 1741 416 1812 venit?
431 1759 595 1837 cuperent
611 1743 761 1831 lustrari,
779 1746 805 1813 si
823 1770 889 1839 qua
905 1745 1065 1815 darentur

151 1852 322 1947 Sulphura
339 1877 416 1920 cum
434 1851 542 1937 taedis,
559 1854 635 1920 etsi
653 1852 742 1922 foret
757 1853 894 1922 humida
911 1855 1032 1924 laurus.

151 1964 238 2034 llluc
251 1961 337 2033 heu!
356 1963 470 2031 miseri
487 1959 710 2032 traducimur!
728 1988 820 2032 arma
837 1965 972 2058 quidem
988 1965 1075 2034 ultra

152 2075 269 2144 Litora
285 2076 304 2142 J
307 2097 445 2142 uvernae
461 2073 705 2167 promovimus,
722 2085 755 2140 et
770 2072 872 2142 modo
889 2089 1002 2169 captas
1178 2089 1226 2138 160

155 2183 322 2268 Orcadas,
339 2206 379 2251 ac
395 2183 533 2251 minima
549 2195 725 2250 contentos
741 2196 841 2251 nocte
858 2182 1057 2252 Britannos:

158 2393 252 2448 Catuli
265 2403 295 2447 et
308 2391 420 2448 AEmilii
430 2390 520 2447 Paulli
535 2391 671 2466 posteris,
688 2401 717 2446 et
728 2391 838 2461 Fabiis,
855 2401 886 2447 et
901 2391 1035 2448 omnibus
1046 2393 1162 2449 demum
1180 2394 1231 2468 qui

158 2482 258 2558 primis
270 2482 301 2538 in
313 2481 452 2538 sedilibus
462 2483 641 2557 spectabant,
654 2482 783 2556 quamvis
795 2483 829 2538 iis
838 2483 954 2556 adjicias
963 2484 1045 2540 illum
1059 2484 1167 2558 ipsum,
1181 2488 1232 2560 qui

160 2585 227 2630 time
249 2574 355 2630 edebat
374 2591 480 2630 munus
501 2572 721 2648 gladiatorium,
746 2591 835 2646 quum
855 2574 1001 2630 Gracchus
1020 2571 1097 2631 idem
1122 2576 1232 2632 retiarii

160 2686 312 2742 personam
329 2677 358 2722 et
375 2677 470 2741 partes
486 2665 581 2742 gessit.

201 2767 267 2833 ¹49·
289 2757 359 2814 usse
370 2775 467 2813 manes
480 2767 509 2814 et
518 2775 606 2833 regna
616 2755 792 2826 inferorum,
806 2755 857 2812 ubi
868 2756 1006 2831 supplicia
1020 2757 1078 2813 sint
1091 2759 1233 2814 sceleratis

163 2851 316 2908 constituta
326 2871 335 2920 ;
348 2868 408 2906 esse
420 2849 462 2904 ibi
476 2851 610 2924 Stygem,
628 2848 659 2903 in
675 2867 731 2923 qua
743 2866 818 2904 ranae
829 2848 919 2925 nigrae
930 2849 1162 2924 conspicientem
1182 2870 1233 2925 per

164 2963 224 3001 eam
233 2943 369 3018 paludem
380 2961 396 2997 a
406 2943 552 2998 Charonte
561 2940 656 3017 subigi
665 2951 753 2996 conto
765 2941 909 3016 cymbam,
923 2942 952 2996 in
964 2961 1021 3016 qua
1031 2953 1075 2998 tot
1083 2943 1234 3001 hominum

163 3035 266 3106 millia,
277 3046 352 3110 quot
364 3032 494 3110 quotidie
503 3044 627 3090 mortem
637 3032 761 3103 obeunt,
774 3035 995 3090 transvehuntur
1000 3053 1008 3103 ;
1018 3034 1092 3105 haec,
1104 3036 1234 3110 inquam,

164 3129 203 3184 ita
218 3147 295 3198 esse,
317 3145 354 3183 ne
374 3126 442 3201 ipsis
463 3125 581 3201 quidem
595 3124 693 3199 pueris
712 3143 876 3198 persuasura
894 3135 951 3194 est,
970 3123 1025 3180 uisi
1041 3124 1117 3182 forte
1136 3126 1169 3182 iis
1185 3127 1235 3201 qui

162 3219 257 3276 adbuc
273 3228 342 3275 sunt
356 3217 539 3292 impuberes,
551 3236 603 3274 nec
617 3217 750 3272 lavantur
759 3215 789 3271 in
803 3214 924 3291 publicis
938 3214 1056 3271 balneis.
1066 3217 1109 3270 Tu
1121 3235 1192 3273 vcro
1203 3237 1236 3273 ea

163 3331 284 3387 prorsus
297 3328 366 3366 vera
378 3328 454 3376 esse,
466 3310 520 3364 tibi
532 3308 682 3383 persuade.
696 3306 821 3396 Attendc
838 3307 909 3380 quid
918 3307 1020 3362 sentiat
1033 3308 1152 3379 Curius,
1165 3309 1237 3382 quid

164 3404 224 3459 duo
238 3403 404 3477 Scipiones,
422 3399 493 3475 quid
502 3400 664 3470 Fabricius,
678 3399 829 3468 Camillus,
842 3397 924 3453 Fabii
936 3397 972 3453 ad
985 3399 1149 3454 Cremeram
1157 3399 1235 3471 caesi,

165 3515 284 3553 romana
293 3495 384 3570 pubes
392 3493 431 3549 ad
441 3495 551 3550 Cannas
559 3491 724 3562 interfecta,
732 3503 776 3547 tot
784 3491 841 3547 riri
850 3492 927 3548 bello
936 3502 1116 3566 praestantes:
1126 3495 1237 3567 quoties

166 3587 204 3642 ad
212 3586 344 3664 egregios
358 3585 425 3641 illos
437 3603 533 3640 manes
547 3583 641 3658 aliqua
656 3603 691 3640 ex
702 3584 759 3639 boc
772 3602 859 3659 grege
871 3583 973 3640 umbra
982 3580 1143 3654 descendit,
1160 3604 1238 3644 exse-

167 3691 286 3734 crantur
305 3677 366 3752 ejus
386 3694 500 3746 mores,
518 3676 682 3750 adspectum
700 3695 908 3751 occursumque
924 3676 1053 3753 fugium,
1070 3697 1129 3753 quo
1149 3696 1179 3734 se
1199 3679 1237 3734 ita

168 3769 357 3827 contaminari
381 3778 505 3844 putant,
521 3779 553 3823 ut
572 3768 687 3824 lustrari
703 3767 879 3845 purgarique
898 3780 1052 3844 cuperent,
1067 3770 1091 3826 si
1109 3783 1181 3828 esset
1197 3773 1239 3828 ihi

167 3861 283 3918 facultas
298 3872 326 3918 et
340 3859 425 3936 copia
442 3857 557 3915 sulfuris
576 3878 641 3915 curu
657 3859 754 3929 tedis,
772 3879 804 3916 ac
816 3859 982 3916 laurisecris
992 3860 1078 3916 undis
1091 3860 1237 3920 immersae.

170 3957 290 4026 Omnes,
303 3954 375 4011 beu!
389 3951 429 4008 ud
445 3952 505 4006 haec
519 3969 607 4026 regna
624 3951 809 4008 subterranea
827 3950 1000 4026 deportandi
1020 3951 1174 4027 aliquando
1191 3973 1239 4023 su-

169 4065 242 4116 mus,
263 4057 292 4104 et
313 4063 416 4121 poeuas
438 4042 577 4098 scelerum
598 4042 703 4099 daturi.
728 4044 802 4099 Sane
822 4041 908 4099 armis
929 4041 1095 4100 victricibus
1116 4048 1240 4120 populos

167 4139 240 4196 ultra
254 4135 431 4197 Hiberniam
442 4133 568 4209 positos,
584 4131 711 4192 Orcadas
724 4134 832 4190 recenti
846 4135 924 4191 bello
936 4147 1124 4210 expugnatas,
1136 4148 1165 4194 et
1178 4141 1240 4196 Bri-
