3148 4990
329 439 375 525 xij
557 449 745 514 DIVISIO
770 449 831 512 ET
854 451 1163 518 ARGUMENTA

329 560 439 634 quaid
461 580 567 638 genus,
590 563 800 622 accuratissime
819 577 1065 640 cognoscerentur
1087 590 1094 624 :
1120 578 1326 626 verumtamen
1349 587 1424 643 qua

328 652 418 710 fuerit
432 655 487 712 alia
502 674 538 714 ex
553 668 634 732 parte
649 656 692 714 rei
705 656 832 714 librariae
846 657 936 728 ratio,
952 659 1078 716 velutin
1092 659 1175 718 libris
1193 658 1378 737 colligendis
1391 669 1426 716 et

329 744 512 820 digerendis3
530 745 657 824 primum
670 759 757 824 atque
771 747 877 805 iterum
888 749 971 823 justae
985 750 1108 807 editioni
1126 752 1279 826 parandis,
1297 749 1424 806 inscri-

327 835 441 910 bendis,
455 851 484 897 et
497 860 550 916 per
565 841 684 897 nomina
697 852 849 897 auctorum
858 860 891 897 ac
904 841 1004 898 titulos
1016 841 1243 919 distinguendis3
1258 841 1379 899 deinde
1388 841 1427 896 in

328 931 466 1004 exemplis
476 931 717 1006 multiplicandis,
736 951 789 1006 per
798 932 979 990 recensiones
990 933 1063 1009 (quae
1075 935 1165 992 latine
1177 935 1327 992 correctio
1342 933 1426 990 dici-

328 1021 386 1092 tur)
398 1024 572 1081 renovandis
582 1035 611 1082 et
620 1024 810 1081 retractandis
821 1046 828 1080 z
838 1026 904 1080 talia
913 1027 1054 1100 permulta
1065 1045 1207 1102 nusquam
1219 1026 1320 1082 adhuc
1333 1024 1424 1082 vidi-

327 1114 475 1172 mussulis
497 1117 631 1191 quaesita,
649 1105 759 1172 uedinn
777 1116 904 1191 perfecte
926 1118 1070 1192 exposita,
1092 1130 1137 1189 et,
1156 1120 1238 1194 quod
1253 1117 1356 1175 varias
1375 1117 1422 1174 ob

329 1225 438 1264 caussas
458 1210 542 1265 valde
566 1221 714 1284 optamus,
734 1208 897 1283 plenissime
919 1211 1134 1284 comprehensa.
1162 1209 1232 1268 Loci
1255 1220 1328 1267 sunt
1352 1229 1424 1266 non

328 1299 413 1373 pauci
427 1300 457 1356 in
468 1311 531 1357 arte
545 1301 659 1370 critica,
675 1300 727 1376 qui
737 1319 843 1357 novam
858 1300 927 1357 inde
940 1301 1034 1358 lucem
1045 1313 1211 1376 exspectare
1224 1301 1353 1376 possint.
1367 1301 1423 1358 Sic

327 1390 359 1447 in
369 1392 456 1449 variis
465 1392 579 1467 scriptis
591 1393 762 1470 colligendis
774 1393 847 1449 mira
859 1393 1004 1468 quaedam,
1017 1404 1059 1464 et,
1072 1413 1154 1468 paene
1164 1393 1304 1462 dixerim,
1319 1411 1423 1470 gene-

329 1503 395 1540 rosa
407 1486 537 1542 cernitur
544 1485 623 1560 apud
634 1497 746 1543 veteres
759 1484 935 1561 negligentia
945 1504 953 1555 3
965 1503 1059 1559 neque
1071 1485 1110 1541 sic
1122 1485 1182 1558 jam
1193 1483 1361 1540 industrios
1374 1483 1423 1540 vi·
1463 1541 1470 1558 χ

330 1577 430 1634 demus
446 1589 592 1649 auctores,
608 1590 641 1635 ut
654 1577 710 1653 ipsi
730 1598 780 1634 sua
800 1579 897 1652 Opera
914 1577 1008 1633 omnia
1025 1577 1256 1634 consarcinantes
1271 1575 1422 1633 facillime

329 1670 432 1744 populi
444 1671 616 1741 commodo,
632 1682 683 1727 ant
695 1669 781 1727 etiam
792 1689 862 1742 suo,
879 1670 1099 1745 prospicerent:
1112 1671 1151 1726 ita
1163 1672 1303 1746 pleraque
1315 1669 1422 1727 disso-

329 1763 391 1817 luta
404 1771 434 1817 et
444 1751 593 1837 dissipata,
606 1763 748 1837 permulta
761 1781 798 1819 ne
809 1763 845 1818 ab
860 1762 923 1837 ipso
933 1762 1051 1837 quidem
1065 1774 1184 1820 auctore
1197 1762 1235 1819 ad
1246 1762 1420 1820 editionem

331 1853 488 1922 destinata,
503 1874 714 1930 nonnunquam
729 1854 887 1911 admodum
898 1873 964 1910 sero
978 1865 1008 1910 et
1021 1855 1057 1910 ab
1071 1853 1212 1929 imperitis
1225 1853 1421 1930 colligeban-

332 1959 389 2003 tur.
406 1946 534 2018 Quodsi
554 1947 615 2023 ipse
632 1948 759 2022 scriptor
776 1947 942 2004 institueret
955 1947 1169 2017 collectionem,
1191 1946 1339 2003 faciebant
1357 1947 1422 2002 hoc

337 2040 462 2096 maxime
469 2081 478 2108 ,
488 2050 520 2095 ut
535 2040 571 2096 de
583 2041 719 2115 Epistolia
731 2039 841 2096 Plinius
853 2050 966 2109 narrat,
979 2040 1008 2110 l,
1024 2059 1035 2095 r
1046 2061 1074 2096 :a
1085 2039 1212 2116 Collegi,
1221 2058 1283 2095 non
1293 2049 1421 2095 servato

334 2130 475 2206 temporis
488 2131 592 2188 ordine
602 2131 799 2208 (nequeenim
808 2131 959 2186 historiam
969 2131 1179 2205 componebam
1188 2111 1197 2209 l
1206 2171 1214 2200 ,
1224 2129 1274 2186 sed
1285 2141 1322 2184 ut
1334 2145 1422 2204 quac-

334 2243 391 2304 que
405 2223 436 2279 in
446 2242 549 2280 manus
559 2235 708 2280 venerat.»
721 2225 769 2282 Sic
778 2234 871 2298 poetae
883 2241 1001 2296 quoque
1017 2222 1163 2292 fecerunt,
1178 2232 1212 2277 ut
1225 2221 1372 2278 Horatius
1390 2229 1422 2278 et

333 2318 480 2383 Tibullns;
497 2335 592 2391 neque
615 2317 700 2373 aliter
717 2315 877 2385 luvenalis3
897 2314 986 2370 modo
1005 2313 1043 2369 sit
1062 2313 1153 2388 ipsius
1167 2313 1224 2369 hoc
1241 2322 1419 2388 syntagma,

333 2409 414 2484 quod
425 2427 503 2463 nunc
513 2409 645 2464 manibus
659 2420 797 2465 tenemus.
817 2409 891 2463 Eum
905 2405 1076 2480 produxisse
1088 2406 1126 2462 ad
1136 2404 1315 2462 audiendum
1327 2407 1421 2479 plura

333 2499 493 2558 Satirarum
503 2499 667 2570 volumina,
677 2501 788 2556 scilicet
799 2517 852 2574 per
866 2499 994 2555 diversas
1006 2498 1083 2554 vices
1094 2496 1234 2564 acroama,
1251 2495 1420 2569 conjectari

333 2591 525 2667 probabiliter
540 2601 650 2664 potest,
667 2591 795 2664 primum
809 2609 843 2646 ex
860 2590 981 2664 antiquo
1000 2609 1082 2647 more
1097 2610 1130 2647 ac
1145 2590 1236 2646 modo
1252 2590 1419 2657 recitandi,

334 2685 441 2742 deinde
453 2702 490 2740 ex
498 2683 544 2739 illa
554 2725 562 2750 ‚
573 2701 636 2757 quae
645 2684 735 2758 vulgo
745 2683 777 2740 in
788 2683 944 2739 Codicibus
955 2671 1111 2759 reperitur,
1123 2685 1252 2758 quinque
1264 2683 1419 2740 librorum

334 2778 469 2835 distincta
478 2777 638 2847 notatione,
654 2795 740 2850 quarn
752 2775 831 2832 haud
842 2774 882 2831 ita
893 2777 1012 2832 minime
1021 2777 1213 2852 spernendam
1222 2787 1372 2851 putamus,
1383 2789 1421 2834 ut

335 2890 396 2926 non
414 2869 469 2926 nisi
485 2868 593 2924 ultimae
614 2868 703 2924 aetatis
723 2867 976 2943 grammaticorum
997 2869 1130 2925 habenda
1146 2868 1290 2924 videatur.
1309 2869 1420 2940 Quid?

336 2963 417 3038 qnod
430 2961 559 3036 ejusdem
574 2961 617 3017 rci
633 2961 693 3018 sere
705 2959 843 3017 historica
853 2957 1025 3034 significatio
1040 2961 1110 3017 latet
1127 2959 1157 3015 in
1173 2959 1256 3030 Vita,
1269 2961 1419 3018 Suetonio

339 3054 430 3110 tribui
443 3053 558 3109 solita»

276 3194 277 3198 ,
375 3131 619 3204 Satirarumtituli
627 3154 656 3200 et
664 3156 842 3221 argumenta,
854 3165 917 3221 quac
926 3146 959 3201 in
968 3145 1127 3214 codicibus,
1138 3156 1167 3201 et
1176 3145 1300 3219 scriptis,
1308 3155 1340 3199 et
1349 3145 1417 3200 edi-

337 3240 373 3295 tis
390 3238 468 3294 varia
479 3235 610 3305 ratione,
622 3248 652 3293 et
664 3239 710 3293 vel
719 3256 819 3312 prosa,
831 3240 878 3295 vel
888 3257 969 3294 versa
982 3237 1113 3293 oratione
1123 3253 1255 3310 expressa
1264 3235 1416 3310 leguntur,

339 3333 424 3388 tinius
444 3331 583 3404 cujusque
598 3329 699 3386 Satira
710 3329 855 3412 principio
871 3330 1065 3407 praefiximus:
1081 3349 1113 3386 ea
1127 3330 1217 3406 igitur
1229 3329 1277 3385 hic
1291 3330 1416 3387 omitte-

338 3443 414 3492 mus,
433 3423 548 3478 duobus
568 3431 679 3476 tantum
704 3422 846 3497 exceptis,
871 3444 934 3499 quae
953 3422 984 3479 in
1003 3440 1094 3478 unum
1114 3441 1220 3498 corpus
1238 3432 1416 3499 congregata

336 3515 462 3590 separari
475 3533 533 3570 non
548 3522 690 3587 poterant.
711 3513 764 3567 En.
