3108 4986
486 425 674 492 sarran
702 427 920 510 Qunam.
1175 432 1238 518 237
1265 477 1267 480 -

164 529 221 601 llle
237 534 344 628 igitur
359 561 546 634 numquam
563 540 684 612 direxit
697 543 834 614 brachia
849 559 965 616 contra

162 643 388 733 Torrentem,
405 673 470 718 nec
487 649 568 718 civis
583 666 670 738 erat,
687 655 746 747 qui
766 653 869 724 libera
884 671 997 750 posset
1205 685 1239 733 9⁰

163 753 275 822 Verba
292 756 400 826 animi
417 758 586 851 proferre,
604 777 639 830 et
655 762 758 831 vitam
773 764 968 858 impendere
985 791 1078 834 vero.

164 863 217 931 Sic
235 863 361 934 multas
377 868 516 961 hyemes
529 886 630 964 atque
645 872 850 966 octogesima
865 873 951 942 vidit

164 972 332 1043 Solstitia:
349 977 403 1046 his
418 979 518 1048 armis
531 977 587 1048 illa
600 1006 735 1075 quoque
753 997 845 1051 tutus
862 983 896 1050 in
912 982 1003 1068 aula,

165 1083 340 1154 Proximus
355 1085 506 1178 ejusdem
523 1090 726 1185 properabat
740 1090 869 1162 Acilius
883 1095 946 1162 aevi

164 1194 249 1262 Cum
266 1193 396 1286 juvene
414 1196 571 1291 indigno,
587 1223 688 1293 quem
706 1225 797 1270 mors
814 1217 881 1270 tam
896 1227 982 1272 saeva
996 1221 1164 1288 maneret,
1204 1217 1237 1280 95

165 1303 207 1370 Et
220 1301 351 1373 domini
369 1305 488 1400 gladiis
506 1322 572 1376 tam
588 1307 744 1378 festinata
759 1336 767 1378 :
782 1311 842 1379 sed
857 1310 937 1380 olim

166 1411 323 1506 Prodigio
340 1439 402 1508 par
416 1431 467 1484 est
483 1416 518 1484 in
534 1415 707 1487 nobilitate
721 1434 896 1506 senectus;

164 1521 264 1592 Unde
279 1523 334 1610 lit,
350 1540 391 1593 ut
407 1525 519 1596 malim
535 1526 737 1597 fraterculus
754 1553 825 1596 esse
840 1531 993 1623 gigantis.

164 1631 297 1702 Profuit
312 1659 395 1728 ergo
413 1635 496 1704 nihil
511 1637 653 1723 misero,
669 1637 761 1732 quod
775 1640 927 1707 cominus
940 1664 1035 1708 ursos

163 1741 302 1834 Pigebat
320 1744 503 1832 Numidas,
519 1745 648 1815 Albana
667 1747 778 1816 nudus
790 1771 893 1816 arena
1188 1785 1237 1818 100

161 1851 324 1921 Venator.
341 1854 426 1942 Quis
443 1856 534 1924 enim
550 1855 620 1946 jam
635 1879 705 1923 non
722 1854 887 1949 intelligat
899 1871 986 1924 artes

162 1961 344 2031 Patricius?
357 1964 431 2057 quis
444 1964 592 2059 priscum
608 1962 690 2031 illud
704 1963 845 2032 miretur
860 1989 1018 2050 acumen,

161 2075 283 2158 Brute,
300 2071 416 2144 tuum?
431 2072 540 2142 Facile
558 2089 608 2142 est
622 2073 762 2142 barbato
775 2073 951 2167 imponere
968 2074 1050 2166 regi.

161 2232 295 2308 Crispus,
312 2234 389 2290 cavit
404 2233 505 2291 sedulo
520 2253 556 2290 ne
569 2243 671 2290 contra
683 2231 790 2290 flumen
801 2233 955 2292 adversum
966 2247 1061 2292 rectus
1071 2237 1237 2313 navigaret,

159 2343 191 2380 ac
200 2325 276 2382 bene
285 2325 336 2382 ille
347 2325 464 2401 quidem
474 2335 503 2382 et
512 2325 665 2400 sapienter.
680 2317 752 2396 Quis
763 2326 840 2382 enim
850 2337 919 2383 tunc
928 2326 999 2384 civis
1008 2329 1145 2401 audebat,
1158 2335 1237 2406 quod

160 2417 297 2486 sentiret,
313 2417 427 2492 eloqui,
443 2435 476 2473 nc
489 2417 556 2474 vitae
572 2415 744 2485 discrimen,
760 2428 794 2473 ut
807 2437 908 2474 verum
923 2419 1047 2490 diceret,
1062 2421 1162 2478 adire?
1178 2425 1237 2479 Har

160 2520 221 2566 arte
235 2509 355 2584 Crispus
372 2519 483 2566 aetatem
495 2509 533 2564 ad
547 2509 696 2585 octoginta
712 2527 802 2584 usque
816 2529 906 2568 anuos
921 2512 1069 2586 produxit.
1087 2514 1139 2571 His
1152 2515 1236 2572 etiam

160 2602 263 2672 armis,
277 2603 325 2659 vel
338 2601 466 2671 artibus,
480 2602 512 2656 in
524 2602 577 2658 ista
588 2602 653 2658 aula
664 2601 778 2657 saevitiae
792 2603 971 2677 plenissima,
987 2606 1097 2660 salvum
1111 2617 1140 2661 et
1152 2607 1235 2664 inco-

160 2695 267 2751 lumem
282 2713 314 2751 sc
329 2693 463 2768 prestitit
476 2693 600 2762 Acilius,
618 2693 670 2767 qui
688 2704 754 2767 post
768 2694 902 2768 Crispum
919 2696 1052 2769 proxime
1067 2697 1236 2766 festinabit,

161 2786 285 2844 totidem
300 2797 385 2842 uatus
403 2803 508 2854 annos,
527 2785 682 2842 comitante
700 2783 779 2854 filio,
798 2786 979 2844 adolescente
993 2788 1188 2860 ornatissimo,
1204 2811 1237 2846 ac

160 2877 250 2954 digno
271 2897 341 2934 sane
359 2877 411 2952 qui
429 2877 539 2934 mitiori
557 2888 652 2934 morte
673 2877 896 2953 defungeretur,
915 2899 1001 2954 qnam
1023 2899 1087 2954 quae
1108 2882 1163 2956 ipsi
1183 2883 1237 2938 ali—

160 2983 271 3046 quanto
289 2981 357 3048 post
372 2989 390 3026 a
409 2969 577 3026 Domitiano
596 2969 650 3025 tuit
674 2970 819 3046 irrogata,
837 2971 896 3045 jam
918 2983 987 3028 tunc
1004 2991 1077 3032 vero
1097 2975 1235 3032 destinata

161 3063 215 3119 luit
230 3085 238 3120 :
255 3063 308 3120 sed
324 3060 496 3136 jampridem
513 3061 638 3118 monstri
654 3061 746 3118 simile
765 3063 904 3138 quiddam
922 3074 965 3124 est
983 3063 1072 3122 lromo
1086 3068 1192 3126 nobilis
1208 3081 1237 3126 et

161 3173 266 3224 senen
287 3171 408 3228 nmque
427 3153 466 3210 ob
490 3171 615 3209 caussam
638 3155 735 3210 Terrae
755 3151 847 3227 filius,
873 3167 902 3212 et
923 3154 1059 3213 minimus
1079 3159 1235 3236 Gigantum

160 3247 323 3304 interesse
338 3246 431 3302 multo
446 3244 619 3316 maluerim,
636 3263 720 3320 quarn
742 3244 820 3302 inter
839 3247 951 3304 nobiles
968 3267 1001 3305 ac
1018 3251 1146 3307 Deorum
1162 3272 1235 3327 pne—

160 3357 207 3396 ros
225 3337 385 3394 numerari.
406 3336 485 3394 Nihil
504 3335 594 3412 igitur
615 3337 716 3392 infelix
734 3337 849 3410 juvenis
870 3339 907 3395 ad
928 3339 1091 3396 evitandam
1113 3343 1235 3420 impera-

160 3430 230 3488 toris
251 3429 460 3486 immanitatem
480 3438 509 3485 et
527 3428 628 3484 odium
646 3428 785 3502 profecit,
809 3429 908 3503 quod,
928 3441 961 3486 ut
981 3431 1041 3504 ejus
1059 3433 1233 3510 benevolen-

160 3521 227 3580 tiam
246 3533 390 3597 captaret,
407 3521 545 3577 adversus
564 3519 688 3595 Libycos
706 3537 790 3576 ursos
808 3521 889 3578 nudo
910 3539 1034 3597 corpore
1046 3537 1169 3582 venator
1183 3529 1235 3586 de-

161 3625 302 3692 pugnaret
315 3614 348 3670 in
361 3613 475 3669 Albano
489 3612 710 3688 amphitheatro.
729 3611 801 3682 Quis
815 3611 891 3668 enim
905 3613 1036 3690 ignorat,
1050 3634 1136 3688 quam
1149 3620 1235 3676 variis

160 3709 269 3766 artibm
281 3707 397 3764 nobiles
409 3705 536 3781 effugere
550 3704 749 3762 crudelitatem
761 3704 936 3774 Domitiani,
952 3717 980 3762 et
994 3706 1024 3761 in
1040 3705 1100 3779 ejus
1113 3711 1233 3784 gratiam

160 3801 288 3877 irrepere
300 3797 500 3857 conarentur?
516 3800 609 3855 Nemo
629 3796 688 3869 jam
710 3795 870 3852 admiratur
895 3795 978 3852 Bruti
998 3797 1164 3867 solertiam,
1184 3805 1234 3877 qui

159 3895 351 3970 Tarquinium
370 3891 484 3967 decepit
502 3891 683 3947 simulatione
699 3889 828 3947 stultitia
846 3912 852 3947 :
873 3890 1009 3947 obsoletas
1031 3903 1099 3948 sunt
1119 3893 1233 3955 fraudes

160 3987 319 4061 ejusmodi,
335 3997 365 4042 et
377 3985 488 4042 idoneae
502 3994 613 4040 tantum
626 3983 664 4039 ad
684 3983 781 4039 lucum
801 3981 965 4038 faciendum
985 3983 1085 4056 priscis
1098 3984 1169 4058 illis,
1183 3992 1233 4064 qni

161 4080 278 4138 barbam
296 4079 392 4134 adhuc
411 4077 539 4144 alebant,
556 4074 691 4152 regibus,
711 4093 837 4149 quorum
854 4073 1019 4148 simplicitas
1034 4093 1100 4132 cnm
1116 4089 1233 4137 nostro-

160 4191 222 4229 mm
240 4170 399 4230 calliditate
417 4165 607 4244 comparanda
625 4184 686 4223 non
704 4177 756 4224 est.
857 4162 859 4171 '
