3056 4984
326 445 391 516 380
598 451 641 518 D.
668 451 808 519 JUNII
833 451 1113 522 Juvuuttts

323 566 564 662 Secretumque
580 567 643 638 sibi
659 568 801 638 mimum
817 586 931 664 parat;
948 571 1010 641 hos
1026 586 1131 658 amat,
1148 571 1199 642 his
1215 593 1250 643 se

321 678 469 770 Ingerit,
485 693 590 774 utque
605 705 682 749 suos
699 679 810 750 ridens
826 681 984 775 producit
995 683 1158 753 alumnos.

370 786 434 854 Hic
448 787 593 881 magicos
606 787 707 858 affert
722 805 856 876 cautus,
871 791 927 860 hic
941 791 1081 862 thessala
1095 793 1211 864 vendit
1336 811 1385 862 σι.

322 889 465 982 Philtra,
480 897 600 991 quibus
614 898 722 967 valeat
736 915 888 969 mentem
899 925 1018 971 vexare
1032 901 1159 987 mariti,

320 1007 365 1074 Et
381 1004 470 1074 solea
485 1007 616 1102 pulsare
631 1024 735 1078 nates.
752 1009 854 1098 Quod
869 1009 1008 1105 desipis,
1023 1010 1101 1079 inde
1117 1025 1185 1096 est;

321 1113 406 1184 Inde
422 1117 526 1185 animi
543 1118 666 1213 caligo,
682 1132 717 1188 et
731 1143 853 1213 magua
868 1119 993 1189 oblivio
1011 1141 1140 1206 rerum,

320 1223 413 1311 Quas
427 1227 528 1296 modo
545 1229 682 1321 gessisti.
699 1230 826 1298 Temen
841 1229 908 1298 hoc
924 1227 1112 1314 tolerabile,
1130 1227 1158 1296 si
1172 1252 1242 1296 non

320 1334 365 1404 Et
379 1333 492 1404 furere
509 1337 665 1431 incipias,
681 1353 720 1406 ut
734 1338 918 1408 avunculus
934 1338 989 1408 ille
1005 1339 1167 1425 Neronis,
1335 1353 1381 1406 615

320 1445 385 1514 Cui
400 1461 505 1515 totam
519 1447 653 1517 tremuli
668 1447 815 1518 frontem
831 1448 984 1519 Caesonia
997 1447 1080 1544 pulli

320 1553 462 1626 Inludit.
477 1557 564 1645 Quas
578 1582 647 1627 nou
662 1557 781 1646 faciet,
795 1557 886 1654 quod
901 1556 1065 1652 principis
1078 1555 1187 1626 uxor?

320 1663 494 1735 Ardebant
511 1683 649 1755 cuncte,
666 1683 700 1737 et
714 1667 821 1737 fractu
833 1692 997 1762 compage
1011 1667 1170 1752 ruebant,

320 1775 400 1842 Non
415 1775 523 1862 aliter,
540 1798 640 1871 quam
656 1777 683 1846 si
698 1774 832 1847 lecisset
847 1781 938 1846 luno
954 1767 1113 1847 maritum

319 1883 490 1953 Insanum.
506 1886 621 1956 Minus
635 1907 716 1979 ergo
731 1907 856 1956 nocens
872 1886 939 1955 erit
953 1886 1148 1980 Agrippinae
1334 1901 1381 1952 διο

320 1989 475 2079 Boletus;
491 1993 656 2089 siquidem
670 1996 770 2064 unius
783 1992 970 2090 preecordia
983 1995 1104 2090 pressit

320 2098 382 2168 Ille
396 2102 499 2190 senis,
515 2103 763 2199 tremulumque
778 2122 879 2201 caput
892 2105 1097 2176 descendere
1108 2102 1209 2199 jussit

321 2211 363 2279 In
377 2211 512 2301 caelunr,
527 2228 562 2282 et
576 2213 711 2309 longam
725 2216 896 2285 manantia
909 2214 1000 2283 labra
1014 2213 1161 2284 salivam.

319 2425 381 2501 ipsa
399 2439 532 2502 quaerat:
558 2430 614 2488 illis
634 2429 712 2490 dona
736 2451 787 2492 sua
807 2433 929 2511 largitur
949 2431 1075 2502 affatim,
1096 2441 1126 2488 et
1146 2429 1178 2486 in
1203 2428 1285 2486 orbis
1304 2438 1381 2485 terras

318 2517 475 2592 theatrum,
490 2533 524 2578 ut
536 2541 602 2582 suos
615 2522 690 2583 lilios
704 2526 859 2601 producit,
873 2522 966 2598 jocari
977 2523 1019 2580 sic
1032 2542 1064 2580 ac
1076 2523 1177 2581 ludere
1193 2521 1327 2598 gestiens

359 2610 426 2668 610.
448 2614 541 2670 Porro
561 2633 596 2672 ex
613 2615 686 2686 illis,
701 2635 775 2690 qnos
793 2617 905 2674 leminae
923 2617 1093 2686 consulunt,
1113 2611 1382 2690 praestigiatoribus,

318 2704 390 2760 alius
404 2705 611 2766 incantationes
627 2709 764 2786 magicas,
780 2711 852 2767 alius
868 2709 953 2766 etiam
969 2707 1104 2778 thessala,
1123 2707 1229 2777 idest,
1249 2704 1383 2762 amatorie

317 2796 418 2854 vendit
428 2799 530 2873 pocula
540 2841 549 2870 ,
565 2801 670 2876 quibus
680 2801 791 2876 possint
800 2801 880 2858 viros
890 2802 927 2858 de
936 2812 1013 2858 statu
1022 2799 1126 2858 mentis
1136 2818 1170 2855 an
1180 2795 1301 2855 sanitate
1314 2796 1384 2871 deji-

318 2907 398 2960 cere,
411 2902 441 2948 et
454 2910 555 2948 eorum
566 2903 645 2966 natea
658 2913 712 2969 per
724 2893 951 2970 indignissimam
966 2891 1168 2950 contumelium
1180 2889 1312 2946 sandalio
1325 2905 1384 2944 ven

317 2977 429 3037 beram.
447 2983 515 3040 Htec
530 2994 573 3040 est
590 2983 640 3040 illu
657 2995 712 3042 tuae
727 2984 843 3040 insanie
862 3003 975 3056 cauma,
993 2983 1092 3040 infelix
1111 2981 1230 3054 marite;
1249 2979 1319 3036 binc
1331 2977 1384 3034 ille

319 3074 444 3130 tenebrae
460 3075 558 3132 offusa
569 3087 638 3132 sunt
650 3087 705 3132 tuae
719 3078 827 3143 menti,
846 3077 936 3152 itaut
953 3094 986 3134 ea
1001 3094 1064 3152 quse
1081 3075 1171 3132 modo
1186 3073 1295 3142 fecisti,
1312 3071 1385 3128 obli·

318 3163 443 3222 visnaris.
463 3166 636 3240 Quanquam
654 3168 710 3224 boc
726 3168 893 3244 ferendum,
911 3167 936 3226 si
954 3186 1014 3224 non
1033 3178 1062 3224 et
1081 3167 1181 3224 furore
1199 3162 1382 3239 corripiaris,

317 3267 352 3314 ut
370 3258 514 3335 Caligula,
530 3259 610 3334 cujus
624 3261 655 3317 in
671 3263 808 3336 poculum
824 3262 950 3320 Caesoma
964 3249 1040 3318 uxor
1056 3259 1163 3316 inludit
1177 3267 1268 3315 totam
1289 3257 1384 3325 illam,

317 3367 381 3423 quar
403 3349 434 3405 in
460 3348 557 3407 fronte
574 3351 647 3426 pulli
663 3353 763 3427 equim
778 3373 878 3412 reeens
895 3352 955 3410 nati
975 3351 1169 3425 conspicitur,
1189 3348 1380 3406 carunculam.

318 3442 390 3511 Quas
407 3441 511 3498 mulier
526 3442 644 3516 priuata
662 3443 875 3520 mediocrisque
888 3446 1012 3503 fortunae
1024 3444 1117 3500 faeere
1129 3441 1296 3512 dubitabit,
1306 3435 1384 3513 quod

317 3533 385 3590 facit
398 3533 583 3608 Imperatoris
594 3535 691 3592 uxor?
712 3537 883 3612 Respublica
895 3535 975 3612 quasi
987 3535 1133 3592 communi
1147 3532 1284 3590 incendio
1299 3528 1386 3588 della-

317 3626 432 3703 grabat,
449 3637 478 3682 et
488 3626 589 3684 solutis
603 3627 756 3703 fractisque
767 3629 858 3689 veluti
871 3628 1074 3704 compagibus,
1088 3641 1214 3701 preceps
1224 3624 1256 3680 iu
1268 3623 1386 3679 exitium

316 3717 421 3774 ruebat
440 3717 537 3789 orbis,
558 3717 718 3792 imperante
738 3719 885 3796 Caligula,
907 3737 967 3775 nou
986 3736 1067 3774 secus
1085 3736 1119 3773 ac
1138 3717 1164 3773 si
1183 3718 1262 3772 Juno
1285 3715 1386 3770 Jovem

316 3806 354 3863 ad
371 3808 509 3866 insaniam
528 3809 677 3886 adegisset.
697 3811 797 3867 Minus
814 3811 904 3888 igitur
921 3809 1081 3888 Agrippina
1103 3807 1240 3884 pestifero
1260 3824 1315 3864 sno
1333 3805 1387 3862 bo-

317 3898 376 3956 leto
400 3901 544 3975 peccavit,
567 3921 653 3978 quam
677 3903 729 3959 buc
748 3922 800 3960 sna
818 3901 946 3959 venefica
967 3903 1088 3979 potione
1110 3899 1247 3957 Casonia.
1271 3898 1385 3954 beletus

318 3992 395 4050 enim
414 3993 463 4052 ille
481 4013 578 4052 oenem
597 4013 689 4052 uuum
706 3996 800 4069 capite
815 3996 959 4066 tremulo,
980 4004 1009 4051 et
1028 3992 1227 4069 spumantibus
1245 3993 1332 4066 longa
1346 4007 1384 4045 sa·

319 4083 377 4140 lira
393 4086 481 4143 labris
496 4087 656 4146 &formem
670 4089 826 4159 exstinxit,
842 4098 870 4145 et
887 4089 919 4144 in
936 4088 1035 4144 carlum
1052 4086 1273 4144 descendentem
1288 4101 1384 4139 conse·

320 4174 412 4232 oravit
423 4197 433 4232 s
445 4188 475 4233 at
487 4178 543 4236 isto
555 4181 662 4254 poculo
671 4181 820 4238 teterrimo
828 4198 927 4240 uenus
940 4180 972 4238 in
981 4177 1110 4238 ἔσται-ω
1122 4179 1252 4256 Caligula
1261 4174 1385 4234 flammas
