3056 4984
495 424 682 488 surina
708 423 884 488 saxol.
1162 425 1224 510 347
1259 447 1263 460 ·

157 541 367 633 Contempsit
383 537 520 633 pelagus
538 563 546 605 :
564 535 686 606 lamam
704 552 951 632 contempserat
966 538 1064 626 olim,
1191 573 1226 623 90

156 649 259 743 Cujus
278 650 368 744 apud
384 648 500 717 molles
516 649 653 716 minima
666 662 716 716 est
729 649 862 740 jactura
879 649 1063 721 cathedras.
1097 684 1100 690 ·

156 759 349 852 Tyrrhenos
366 759 472 852 igitur
488 758 630 848 fluctus,
647 756 779 850 lateque
796 773 972 829 sonantem

159 869 299 937 Pertulit
313 871 450 938 Ionium
466 869 632 939 constanti
649 881 805 961 pectore,
821 869 975 960 quamvis

157 977 360 1046 Mutandum
378 977 476 1046 toties
492 990 579 1046 esset
595 988 697 1046 mare.
713 977 809 1046 lustu
825 977 943 1070 pericli

155 1087 188 1155 Si
205 1089 291 1156 ratio
308 1103 378 1173 est,
394 1102 425 1156 et
446 1087 601 1170 honesta,
618 1086 758 1188 timept‚
776 1086 967 1181 pavidoque
985 1087 1140 1181 gelantur
1193 1099 1226 1168 95

156 1198 316 1283 Pectore,
332 1221 395 1267 nec
412 1195 564 1266 tremulis
581 1210 720 1290 possunt
737 1197 890 1266 insistere
907 1196 1028 1291 plantis
1045 1223 1053 1265 ε

157 1308 292 1376 Fortem
307 1307 457 1374 animum
473 1320 635 1400 praestant
652 1305 769 1391 rebus,
785 1331 867 1400 quas
881 1307 1029 1400 turpiter
1043 1307 1178 1380 audent.

157 1415 189 1482 Si
206 1416 325 1508 jubeat
344 1416 485 1509 conjux,
498 1415 620 1484 durum
637 1430 689 1484 est
706 1415 936 1492 conscendere
952 1415 1082 1503 navim,

156 1527 252 1592 Tunc
270 1525 405 1593 sentina
421 1526 549 1618 gravis,
563 1540 648 1606 ,tunc
667 1549 820 1596 summus
837 1527 983 1596 vertitur
1001 1549 1069 1596 aer.

156 1633 240 1721 Quae
255 1635 425 1704 moechum
440 1635 603 1728 sequitur,
620 1637 794 1706 stomacho
810 1635 909 1706 valet.
927 1633 989 1704 llla
1005 1634 1162 1703 maritum
1180 1667 1230 1704 100

156 1744 338 1812 Convomit
354 1773 362 1810 :
379 1744 451 1812 haec
467 1744 556 1814 inter
572 1759 690 1814 nautas
708 1761 745 1816 et
763 1744 923 1839 prandet,
942 1759 977 1814 et
994 1760 1085 1814 errat

130 1901 132 1906 ·
157 1855 221 1922 Per
237 1878 407 1949 puppem,
427 1869 462 1924 et
478 1855 581 1926 duros
597 1855 721 1950 gaudet
736 1869 881 1927 tractare
898 1853 1069 1924 rudentes.

156 1963 231 2050 Qua
245 1979 358 2033 tamen
376 1966 496 2034 exarsit
514 1965 638 2048 forma,
655 1989 722 2059 qua
738 1979 836 2059 capta
849 1964 991 2056 juventa
1004 1979 1057 2034 est

157 2073 301 2167 Hippia?
314 2073 396 2167 quid
412 2073 515 2159 vidit,
534 2089 676 2167 propter
693 2073 785 2165 quod
803 2073 913 2142 Ludia
928 2073 995 2145 dici

157 2183 345 2253 Sustinuit?
358 2169 441 2252 ¹nam
459 2182 630 2277 Sergiolus
646 2181 716 2273 jam
736 2183 855 2254 radere
875 2197 992 2276 guttur
1182 2191 1231 2246 105

157 2393 279 2462 nabant,
299 2393 359 2468 ipsa
377 2385 469 2450 iulans
484 2393 630 2466 jacuisset,
648 2393 839 2470 navigationis
851 2405 947 2450 tamen
959 2393 1072 2450 labores
1085 2413 1145 2450 non
1157 2393 1233 2450 exti-

156 2485 228 2544 muit
241 2507 248 2542 ε
263 2505 319 2542 nec
331 2485 454 2557 mirum,
469 2485 577 2560 quippe
594 2498 677 2544 antea
693 2487 797 2562 famam
815 2486 998 2561 neglexerat,
1019 2485 1099 2558 cujus
1117 2485 1233 2560 perexi-

157 2596 241 2653 guam
256 2578 400 2637 rationem
411 2578 534 2646 habent,
550 2577 749 2654 jacturamque
768 2579 861 2636 levem
879 2589 997 2634 censent
1010 2587 1153 2653 protervae
1169 2596 1232 2633 mu-

156 2669 254 2740 lieres‚
272 2690 337 2746 qnae
352 2670 489 2728 mollibus
501 2670 643 2728 cathedris
654 2671 698 2728 uti
713 2672 816 2727 solent.
836 2663 936 2744 ltaque
954 2671 1101 2746 Tyrrheni
1114 2683 1144 2728 et
1156 2669 1233 2727 Ionii

156 2762 241 2820 maris
251 2765 310 2820 late
321 2762 450 2820 sonantis
461 2774 640 2837 tempestates
651 2761 764 2837 excepit
776 2760 937 2840 impauida,
951 2761 1018 2818 licet
1030 2762 1110 2820 aliud
1124 2781 1160 2819 ex
1175 2761 1233 2819 alio

157 2855 273 2930 pelagus
288 2855 476 2924 mutandum,
489 2855 544 2912 alia
556 2874 591 2912 ex
604 2855 665 2912 aliis
681 2855 811 2930 pericula
826 2854 996 2930 perferenda
1012 2867 1112 2911 essent.
1130 2855 1161 2914 Si
1177 2873 1233 2930 qua

157 2947 191 3004 de
201 2967 314 3017 samse,
327 2948 402 3021 justa
415 2958 444 3004 et
457 2948 592 3018 honesta,
606 2948 728 3022 periculi
739 2947 886 3022 quippiam
898 2959 941 3006 est
952 2948 1148 3018 subeundum,
1163 2960 1233 3006 tarne

156 3051 234 3096 metu
250 3041 466 3111 exanirnantur3
482 3041 655 3114 linquuntur
674 3039 789 3109 animo;
807 3039 963 3098 consistere
979 3039 1010 3098 in
1023 3041 1126 3115 pedes,
1143 3052 1173 3097 et
1187 3041 1234 3096 in-

157 3133 239 3208 gredi
258 3152 319 3188 non
333 3143 453 3207 possunt
469 3155 475 3188 :
496 3144 525 3188 at
546 3133 570 3188 si
586 3132 658 3206 quid
672 3132 837 3188 audendum
858 3133 992 3208 improbe
1008 3144 1039 3188 et
1053 3133 1233 3210 facinorose,

156 3225 244 3283 lortes
254 3237 283 3282 et
290 3226 391 3282 valide
400 3237 476 3282 sunt.
486 3225 518 3282 Si
526 3225 572 3280 vir
581 3225 704 3298 imperet
713 3235 746 3280 ut
754 3224 851 3282 navim
861 3211 1067 3296 conscendant,
1079 3224 1232 3300 imperium

155 3319 254 3376 serunt
268 3319 485 3388 molestissime,
503 3329 571 3374 tune
585 3337 718 3377 nauseam
734 3329 832 3374 movet
846 3318 963 3374 sentinae
980 3319 1069 3391 odor,
1087 3329 1155 3392 tunc
1168 3337 1234 3374 ver—

156 3413 247 3490 tigine
263 3412 479 3487 corripiuntur,
498 3424 526 3469 et
545 3431 639 3468 aerem
658 3411 871 3486 susquedeque
889 3411 965 3467 verti
983 3421 1154 3486 queruntur.
1180 3410 1233 3466 Sin

157 3517 253 3564 autem
268 3505 431 3562 adulterum
443 3505 524 3578 sequi
536 3514 686 3578 oporteat,
701 3502 994 3577 stomachoadverans
1003 3522 1137 3560 nauseam
1145 3501 1232 3558 lirmo

157 3609 185 3654 et
195 3597 306 3654 valenti
315 3609 392 3654 sunt.
404 3597 456 3652 Illa
467 3615 531 3671 que
543 3598 678 3654 maritum
687 3596 838 3670 jubentem
851 3598 1017 3668 comitatur,
1035 3616 1102 3653 eum
1118 3595 1232 3650 vomitu

158 3710 210 3748 sno
220 3689 388 3766 conspergit
398 3709 431 3746 ac
443 3687 530 3748 soedat
541 3712 547 3748 :
560 3691 635 3760 ltaec,
648 3689 752 3746 moechi
762 3708 872 3758 comes,
884 3709 949 3746 cum
963 3690 1057 3748 nautis
1070 3688 1138 3762 ipsis
1149 3706 1233 3761 pran-

159 3783 222 3855 det,
238 3801 341 3856 expers
353 3801 478 3853 nauseae,
497 3785 597 3842 alacris
615 3803 669 3859 per
686 3783 782 3840 navim
799 3794 934 3859 vagatur,
952 3803 985 3840 ac
1002 3784 1132 3841 nauticos
1150 3782 1233 3840 funes

160 3887 311 3934 attrectare
323 3875 417 3950 gestit.
434 3876 511 3945 Sed,
526 3887 560 3931 ut
580 3876 618 3935 ad
635 3877 769 3952 Hippiam
791 3875 956 3945 redeamus,
976 3875 1047 3950 quid
1061 3894 1165 3933 massae
1176 3874 1232 3931 luit

160 3985 211 4026 cur
223 3968 360 4044 Sergium
373 3967 485 4026 ludium
500 3969 629 4025 amaret?
645 3987 698 4026 our
709 3970 770 4043 ejus
781 3988 941 4039 exorasse,
955 3988 987 4024 ac
999 3967 1077 4028 ludia
1088 3968 1232 4038 nominari

160 4060 335 4118 sustineret?
358 4065 403 4117 An
420 4072 501 4136 capta
515 4071 558 4118 eet
573 4060 632 4136 ejus
647 4063 757 4134 lorma,
777 4081 814 4118 an
827 4061 995 4138 juventute,
1016 4083 1053 4118 an
1067 4063 1122 4120 alia
1135 4064 1231 4138 aliqua

161 4151 241 4221 dote,
255 4173 320 4228 quae
332 4154 431 4210 acidos
442 4152 518 4210 illius
528 4154 748 4228 perstrinxerit?
765 4156 850 4212 Certe
865 4155 1025 4230 pulchellus
1041 4156 1095 4214 ine
1111 4156 1231 4233 Sergius
1299 4203 1302 4214 .
