<?xml version="1.0" encoding="UTF-8"?>
<!DOCTYPE html PUBLIC "-//W3C//DTD XHTML 1.0 Transitional//EN"
    "http://www.w3.org/TR/xhtml1/DTD/xhtml1-transitional.dtd">
<html xmlns="http://www.w3.org/1999/xhtml" xml:lang="en" lang="en">
 <head>
  <title>
</title>
<meta http-equiv="Content-Type" content="text/html;charset=utf-8" />
  <meta name='ocr-system' content='tesseract 3.04.00' />
  <meta name='ocr-capabilities' content='ocr_page ocr_carea ocr_par ocr_line ocrx_word'/>
</head>
<body>
  <div class='ocr_page' id='page_1' title='image "./sexdecimsatir01lemagoog_0390.png"; bbox 0 0 3056 4984; ppageno 0'>
   <div class='ocr_carea' id='block_1_1' title="bbox 472 471 1201 567">
    <p class='ocr_par' dir='ltr' id='par_1_1' title="bbox 472 471 1201 567">
     <span class='ocr_line' id='line_1_1' title="bbox 472 471 1201 567; baseline 0.008 -29"><span class='ocrx_word' id='word_1_1' title='bbox 472 471 661 539; x_wconf 74' lang='lat' dir='ltr'><strong>sarran</strong></span> <span class='ocrx_word' id='word_1_2' title='bbox 689 473 865 540; x_wconf 77' lang='lat' dir='ltr'><strong>saara.</strong></span> <span class='ocrx_word' id='word_1_3' title='bbox 1137 479 1201 567; x_wconf 74' lang='lat'><strong>369</strong></span> 
     </span>
    </p>
   </div>
   <div class='ocr_carea' id='block_1_2' title="bbox 130 585 1270 2327">
    <p class='ocr_par' dir='ltr' id='par_1_2' title="bbox 130 585 1270 1340">
     <span class='ocr_line' id='line_1_2' title="bbox 131 585 1024 684; baseline -0.002 -24"><span class='ocrx_word' id='word_1_4' title='bbox 131 591 244 684; x_wconf 79' lang='lat' dir='ltr'><strong>Atque</strong></span> <span class='ocrx_word' id='word_1_5' title='bbox 259 586 324 658; x_wconf 85' lang='lat' dir='ltr'><strong>alia</strong></span> <span class='ocrx_word' id='word_1_6' title='bbox 338 601 432 683; x_wconf 86' lang='lat' dir='ltr'><strong>parte</strong></span> <span class='ocrx_word' id='word_1_7' title='bbox 447 585 482 655; x_wconf 95' lang='lat' dir='ltr'><strong>in</strong></span> <span class='ocrx_word' id='word_1_8' title='bbox 497 588 623 657; x_wconf 88' lang='lat' dir='ltr'><strong>trutina</strong></span> <span class='ocrx_word' id='word_1_9' title='bbox 637 586 812 681; x_wconf 84' lang='lat' dir='ltr'><strong>suspendit</strong></span> <span class='ocrx_word' id='word_1_10' title='bbox 826 589 1024 658; x_wconf 88' lang='lat' dir='ltr'><strong>Homerum.</strong></span> 
     </span>
     <span class='ocr_line' id='line_1_3' title="bbox 133 697 1016 793; baseline 0.001 -25"><span class='ocrx_word' id='word_1_11' title='bbox 133 699 272 769; x_wconf 86' lang='lat' dir='ltr'><strong>Cedunt</strong></span> <span class='ocrx_word' id='word_1_12' title='bbox 288 697 513 793; x_wconf 82' lang='lat' dir='ltr'><strong>grammatici,</strong></span> <span class='ocrx_word' id='word_1_13' title='bbox 529 697 710 767; x_wconf 89' lang='lat' dir='ltr'><strong>vincuntur</strong></span> <span class='ocrx_word' id='word_1_14' title='bbox 723 699 893 784; x_wconf 85' lang='lat' dir='ltr'><strong>rhetores,</strong></span> <span class='ocrx_word' id='word_1_15' title='bbox 907 701 1016 770; x_wconf 92' lang='lat' dir='ltr'><strong>omnis</strong></span> 
     </span>
     <span class='ocr_line' id='line_1_4' title="bbox 132 806 1270 908; baseline 0 -29"><span class='ocrx_word' id='word_1_16' title='bbox 132 809 249 880; x_wconf 87' lang='lat' dir='ltr'><strong>Turba</strong></span> <span class='ocrx_word' id='word_1_17' title='bbox 262 823 369 893; x_wconf 85' lang='lat' dir='ltr'><strong>taeet;</strong></span> <span class='ocrx_word' id='word_1_18' title='bbox 384 831 447 876; x_wconf 91' lang='lat' dir='ltr'><strong>nec</strong></span> <span class='ocrx_word' id='word_1_19' title='bbox 462 806 663 891; x_wconf 84' lang='lat' dir='ltr'><strong>causidicus,</strong></span> <span class='ocrx_word' id='word_1_20' title='bbox 678 831 741 875; x_wconf 89' lang='lat' dir='ltr'><strong>nec</strong></span> <span class='ocrx_word' id='word_1_21' title='bbox 756 832 866 903; x_wconf 85' lang='lat' dir='ltr'><strong>praeco</strong></span> <span class='ocrx_word' id='word_1_22' title='bbox 882 807 1049 903; x_wconf 88' lang='lat' dir='ltr'><strong>loquatur,</strong></span> <span class='ocrx_word' id='word_1_23' title='bbox 1266 895 1270 908; x_wconf 31' lang='grc' dir='ltr'><strong><em>Ι</em></strong></span> 
     </span>
     <span class='ocr_line' id='line_1_5' title="bbox 130 913 1206 998; baseline -0.001 -10"><span class='ocrx_word' id='word_1_24' title='bbox 130 917 252 989; x_wconf 76' lang='lat' dir='ltr'><strong>Altera</strong></span> <span class='ocrx_word' id='word_1_25' title='bbox 264 942 331 985; x_wconf 91' lang='lat' dir='ltr'><strong>nec</strong></span> <span class='ocrx_word' id='word_1_26' title='bbox 344 913 484 985; x_wconf 89' lang='lat' dir='ltr'><strong>mulier:</strong></span> <span class='ocrx_word' id='word_1_27' title='bbox 500 915 681 984; x_wconf 93' lang='lat' dir='ltr'><strong>verborum</strong></span> <span class='ocrx_word' id='word_1_28' title='bbox 697 931 789 986; x_wconf 86' lang='lat' dir='ltr'><strong>tanta</strong></span> <span class='ocrx_word' id='word_1_29' title='bbox 802 916 891 986; x_wconf 85' lang='lat' dir='ltr'><strong>cadit</strong></span> <span class='ocrx_word' id='word_1_30' title='bbox 908 917 971 989; x_wconf 85' lang='lat' dir='ltr'><strong>vis!</strong></span> <span class='ocrx_word' id='word_1_31' title='bbox 1154 940 1206 998; x_wconf 72' lang='lat' dir='ltr'><strong>aso</strong></span> 
     </span>
     <span class='ocr_line' id='line_1_6' title="bbox 132 1025 896 1122; baseline 0 -26"><span class='ocrx_word' id='word_1_32' title='bbox 132 1029 203 1096; x_wconf 85' lang='lat' dir='ltr'><strong>Tot</strong></span> <span class='ocrx_word' id='word_1_33' title='bbox 214 1027 342 1122; x_wconf 88' lang='lat' dir='ltr'><strong>pariter</strong></span> <span class='ocrx_word' id='word_1_34' title='bbox 357 1025 489 1119; x_wconf 85' lang='lat' dir='ltr'><strong>pelves,</strong></span> <span class='ocrx_word' id='word_1_35' title='bbox 505 1038 556 1094; x_wconf 89' lang='lat' dir='ltr'><strong>tot</strong></span> <span class='ocrx_word' id='word_1_36' title='bbox 570 1025 792 1094; x_wconf 90' lang='lat' dir='ltr'><strong>tintinnabula</strong></span> <span class='ocrx_word' id='word_1_37' title='bbox 806 1026 896 1096; x_wconf 87' lang='lat' dir='ltr'><strong>dicas</strong></span> 
     </span>
     <span class='ocr_line' id='line_1_7' title="bbox 135 1136 964 1232; baseline 0 -23"><span class='ocrx_word' id='word_1_38' title='bbox 135 1138 278 1209; x_wconf 87' lang='lat' dir='ltr'><strong>Pulsari.</strong></span> <span class='ocrx_word' id='word_1_39' title='bbox 294 1139 313 1205; x_wconf 89' lang='lat' dir='ltr'>J</span> <span class='ocrx_word' id='word_1_40' title='bbox 316 1162 369 1207; x_wconf 87' lang='lat' dir='ltr'><strong>am</strong></span> <span class='ocrx_word' id='word_1_41' title='bbox 384 1160 485 1205; x_wconf 90' lang='lat' dir='ltr'><strong>nemo</strong></span> <span class='ocrx_word' id='word_1_42' title='bbox 499 1137 613 1221; x_wconf 89' lang='lat' dir='ltr'><strong>tubas,</strong></span> <span class='ocrx_word' id='word_1_43' title='bbox 628 1161 729 1204; x_wconf 88' lang='lat' dir='ltr'><strong>nemo</strong></span> <span class='ocrx_word' id='word_1_44' title='bbox 743 1161 809 1206; x_wconf 82' lang='lat' dir='ltr'><strong>aera</strong></span> <span class='ocrx_word' id='word_1_45' title='bbox 823 1136 941 1232; x_wconf 83' lang='lat' dir='ltr'><strong>fatiget</strong></span> <span class='ocrx_word' id='word_1_46' title='bbox 956 1166 964 1208; x_wconf 75' lang='grc' dir='ltr'><strong>ε</strong></span> 
     </span>
     <span class='ocr_line' id='line_1_8' title="bbox 136 1245 860 1340; baseline -0.004 -23"><span class='ocrx_word' id='word_1_47' title='bbox 136 1249 217 1317; x_wconf 91' lang='lat' dir='ltr'><strong>Una</strong></span> <span class='ocrx_word' id='word_1_48' title='bbox 231 1246 395 1316; x_wconf 83' lang='lat' dir='ltr'>laboranti</span> <span class='ocrx_word' id='word_1_49' title='bbox 409 1245 535 1340; x_wconf 91' lang='lat' dir='ltr'><strong>poterit</strong></span> <span class='ocrx_word' id='word_1_50' title='bbox 550 1269 747 1314; x_wconf 83' lang='lat' dir='ltr'><strong>succurrere</strong></span> <span class='ocrx_word' id='word_1_51' title='bbox 763 1245 860 1314; x_wconf 84' lang='lat' dir='ltr'><strong>lunae.</strong></span> 
     </span>
    </p>

    <p class='ocr_par' dir='ltr' id='par_1_3' title="bbox 137 1354 1213 2327">
     <span class='ocr_line' id='line_1_9' title="bbox 186 1354 953 1452; baseline 0 -26"><span class='ocrx_word' id='word_1_52' title='bbox 186 1356 342 1452; x_wconf 90' lang='lat' dir='ltr'><strong>Imponit</strong></span> <span class='ocrx_word' id='word_1_53' title='bbox 357 1355 461 1424; x_wconf 89' lang='lat' dir='ltr'><strong>finem</strong></span> <span class='ocrx_word' id='word_1_54' title='bbox 478 1354 609 1447; x_wconf 89' lang='lat' dir='ltr'><strong>sapiens</strong></span> <span class='ocrx_word' id='word_1_55' title='bbox 626 1369 661 1422; x_wconf 91' lang='lat' dir='ltr'><strong>et</strong></span> <span class='ocrx_word' id='word_1_56' title='bbox 677 1354 777 1423; x_wconf 90' lang='lat' dir='ltr'><strong>rebus</strong></span> <span class='ocrx_word' id='word_1_57' title='bbox 792 1355 953 1452; x_wconf 86' lang='lat' dir='ltr'><strong>honestis.</strong></span> 
     </span>
     <span class='ocr_line' id='line_1_10' title="bbox 138 1463 1208 1561; baseline 0.002 -27"><span class='ocrx_word' id='word_1_58' title='bbox 138 1469 230 1538; x_wconf 83' lang='lat' dir='ltr'><strong>Nam</strong></span> <span class='ocrx_word' id='word_1_59' title='bbox 245 1491 320 1561; x_wconf 83' lang='lat' dir='ltr'><strong>quae</strong></span> <span class='ocrx_word' id='word_1_60' title='bbox 336 1464 436 1533; x_wconf 88' lang='lat' dir='ltr'><strong>docta</strong></span> <span class='ocrx_word' id='word_1_61' title='bbox 451 1463 553 1532; x_wconf 91' lang='lat' dir='ltr'><strong>nimis</strong></span> <span class='ocrx_word' id='word_1_62' title='bbox 567 1464 660 1558; x_wconf 90' lang='lat' dir='ltr'><strong>cupit</strong></span> <span class='ocrx_word' id='word_1_63' title='bbox 674 1478 709 1532; x_wconf 89' lang='lat' dir='ltr'><strong>et</strong></span> <span class='ocrx_word' id='word_1_64' title='bbox 722 1463 866 1534; x_wconf 88' lang='lat' dir='ltr'><strong>facunda</strong></span> <span class='ocrx_word' id='word_1_65' title='bbox 879 1466 1003 1556; x_wconf 89' lang='lat' dir='ltr'><strong>videri,</strong></span> <span class='ocrx_word' id='word_1_66' title='bbox 1159 1488 1208 1552; x_wconf 68' lang='lat'><strong>445</strong></span> 
     </span>
     <span class='ocr_line' id='line_1_11' title="bbox 137 1571 970 1668; baseline -0.005 -20"><span class='ocrx_word' id='word_1_67' title='bbox 137 1579 249 1648; x_wconf 90' lang='lat' dir='ltr'><strong>Crure</strong></span> <span class='ocrx_word' id='word_1_68' title='bbox 266 1591 365 1644; x_wconf 88' lang='lat' dir='ltr'><strong>tenus</strong></span> <span class='ocrx_word' id='word_1_69' title='bbox 378 1571 490 1641; x_wconf 90' lang='lat' dir='ltr'><strong>medio</strong></span> <span class='ocrx_word' id='word_1_70' title='bbox 505 1573 633 1641; x_wconf 90' lang='lat' dir='ltr'><strong>tunicas</strong></span> <span class='ocrx_word' id='word_1_71' title='bbox 649 1573 844 1668; x_wconf 84' lang='lat' dir='ltr'><strong>succingere</strong></span> <span class='ocrx_word' id='word_1_72' title='bbox 858 1574 970 1663; x_wconf 87' lang='lat' dir='ltr'><strong>debet,</strong></span> 
     </span>
     <span class='ocr_line' id='line_1_12' title="bbox 137 1681 936 1777; baseline -0.006 -19"><span class='ocrx_word' id='word_1_73' title='bbox 137 1685 281 1758; x_wconf 72' lang='lat' dir='ltr'><strong>cadere</strong></span> <span class='ocrx_word' id='word_1_74' title='bbox 294 1682 428 1754; x_wconf 89' lang='lat' dir='ltr'><strong>Silvano</strong></span> <span class='ocrx_word' id='word_1_75' title='bbox 445 1707 605 1776; x_wconf 90' lang='lat' dir='ltr'><strong>porcum,</strong></span> <span class='ocrx_word' id='word_1_76' title='bbox 621 1681 806 1777; x_wconf 88' lang='lat' dir='ltr'><strong>quadrante</strong></span> <span class='ocrx_word' id='word_1_77' title='bbox 824 1682 936 1754; x_wconf 86' lang='lat' dir='ltr'><strong>lavari.</strong></span> 
     </span>
     <span class='ocr_line' id='line_1_13' title="bbox 138 1791 1036 1887; baseline -0.001 -22"><span class='ocrx_word' id='word_1_78' title='bbox 138 1797 223 1866; x_wconf 81' lang='lat' dir='ltr'><strong>Non</strong></span> <span class='ocrx_word' id='word_1_79' title='bbox 237 1794 359 1863; x_wconf 85' lang='lat' dir='ltr'><strong>babeat</strong></span> <span class='ocrx_word' id='word_1_80' title='bbox 373 1806 543 1878; x_wconf 86' lang='lat' dir='ltr'><strong>matrona,</strong></span> <span class='ocrx_word' id='word_1_81' title='bbox 559 1791 619 1859; x_wconf 94' lang='lat' dir='ltr'><strong>tibi</strong></span> <span class='ocrx_word' id='word_1_82' title='bbox 636 1817 710 1887; x_wconf 85' lang='lat' dir='ltr'><strong>quae</strong></span> <span class='ocrx_word' id='word_1_83' title='bbox 721 1791 838 1886; x_wconf 90' lang='lat' dir='ltr'><strong>juncta</strong></span> <span class='ocrx_word' id='word_1_84' title='bbox 853 1796 1036 1883; x_wconf 87' lang='lat' dir='ltr'><strong>recumbit,</strong></span> 
     </span>
     <span class='ocr_line' id='line_1_14' title="bbox 138 1889 941 1999; baseline -0.004 -24"><span class='ocrx_word' id='word_1_85' title='bbox 138 1889 288 1976; x_wconf 85' lang='lat' dir='ltr'><strong>Dicendi</strong></span> <span class='ocrx_word' id='word_1_86' title='bbox 303 1927 426 1999; x_wconf 77' lang='lat' dir='ltr'><strong>genus3</strong></span> <span class='ocrx_word' id='word_1_87' title='bbox 441 1917 500 1971; x_wconf 86' lang='lat' dir='ltr'><strong>aut</strong></span> <span class='ocrx_word' id='word_1_88' title='bbox 512 1917 645 1972; x_wconf 90' lang='lat' dir='ltr'><strong>curtum</strong></span> <span class='ocrx_word' id='word_1_89' title='bbox 661 1925 816 1971; x_wconf 89' lang='lat' dir='ltr'><strong>sermone</strong></span> <span class='ocrx_word' id='word_1_90' title='bbox 830 1919 941 1974; x_wconf 88' lang='lat' dir='ltr'><strong>rotato</strong></span> 
     </span>
     <span class='ocr_line' id='line_1_15' title="bbox 140 2012 1213 2109; baseline 0.004 -25"><span class='ocrx_word' id='word_1_91' title='bbox 140 2017 314 2109; x_wconf 86' lang='lat' dir='ltr'><strong>Torqueat</strong></span> <span class='ocrx_word' id='word_1_92' title='bbox 330 2013 563 2108; x_wconf 83' lang='lat' dir='ltr'><strong>enthymema3</strong></span> <span class='ocrx_word' id='word_1_93' title='bbox 579 2035 644 2081; x_wconf 90' lang='lat' dir='ltr'><strong>nec</strong></span> <span class='ocrx_word' id='word_1_94' title='bbox 658 2012 815 2082; x_wconf 86' lang='lat' dir='ltr'><strong>historias</strong></span> <span class='ocrx_word' id='word_1_95' title='bbox 828 2014 911 2083; x_wconf 88' lang='lat' dir='ltr'><strong>sciat</strong></span> <span class='ocrx_word' id='word_1_96' title='bbox 924 2039 1058 2107; x_wconf 88' lang='lat' dir='ltr'><strong>omnes;</strong></span> <span class='ocrx_word' id='word_1_97' title='bbox 1162 2035 1213 2098; x_wconf 71' lang='lat'><strong>450</strong></span> 
     </span>
     <span class='ocr_line' id='line_1_16' title="bbox 140 2119 941 2218; baseline -0.001 -24"><span class='ocrx_word' id='word_1_98' title='bbox 140 2123 208 2194; x_wconf 87' lang='lat' dir='ltr'><strong>Sed</strong></span> <span class='ocrx_word' id='word_1_99' title='bbox 223 2122 376 2218; x_wconf 83' lang='lat' dir='ltr'><strong>quaedam</strong></span> <span class='ocrx_word' id='word_1_100' title='bbox 392 2147 432 2190; x_wconf 77' lang='lat' dir='ltr'><strong>er</strong></span> <span class='ocrx_word' id='word_1_101' title='bbox 446 2119 538 2190; x_wconf 91' lang='lat' dir='ltr'><strong>libris</strong></span> <span class='ocrx_word' id='word_1_102' title='bbox 552 2137 586 2191; x_wconf 89' lang='lat' dir='ltr'><strong>et</strong></span> <span class='ocrx_word' id='word_1_103' title='bbox 599 2145 668 2190; x_wconf 90' lang='lat' dir='ltr'><strong>non</strong></span> <span class='ocrx_word' id='word_1_104' title='bbox 682 2120 846 2215; x_wconf 85' lang='lat' dir='ltr'><strong>intelligat</strong></span> <span class='ocrx_word' id='word_1_105' title='bbox 861 2148 870 2192; x_wconf 76' lang='grc' dir='ltr'><strong>ε</strong></span> <span class='ocrx_word' id='word_1_106' title='bbox 884 2123 941 2193; x_wconf 91' lang='lat' dir='ltr'><strong>odi</strong></span> 
     </span>
     <span class='ocr_line' id='line_1_17' title="bbox 141 2229 1115 2327; baseline 0.005 -25"><span class='ocrx_word' id='word_1_107' title='bbox 141 2235 242 2304; x_wconf 84' lang='lat' dir='ltr'><strong>Hauc</strong></span> <span class='ocrx_word' id='word_1_108' title='bbox 259 2255 341 2327; x_wconf 85' lang='lat' dir='ltr'><strong>ego,</strong></span> <span class='ocrx_word' id='word_1_109' title='bbox 358 2256 432 2327; x_wconf 85' lang='lat' dir='ltr'><strong>quae</strong></span> <span class='ocrx_word' id='word_1_110' title='bbox 450 2232 573 2325; x_wconf 85' lang='lat' dir='ltr'><strong>repetit</strong></span> <span class='ocrx_word' id='word_1_111' title='bbox 589 2229 760 2326; x_wconf 89' lang='lat' dir='ltr'><strong>volvitque</strong></span> <span class='ocrx_word' id='word_1_112' title='bbox 778 2231 976 2304; x_wconf 67' lang='lat' dir='ltr'><strong>Palaemonis</strong></span> <span class='ocrx_word' id='word_1_113' title='bbox 991 2249 1115 2325; x_wconf 86' lang='lat' dir='ltr'><strong>artem,</strong></span> 
     </span>
    </p>
   </div>
   <div class='ocr_carea' id='block_1_3' title="bbox 142 2428 1254 2529">
    <p class='ocr_par' dir='ltr' id='par_1_4' title="bbox 142 2428 1254 2529">
     <span class='ocr_line' id='line_1_18' title="bbox 142 2428 1254 2529; baseline 0.006 -22"><span class='ocrx_word' id='word_1_114' title='bbox 142 2462 203 2507; x_wconf 88' lang='lat' dir='ltr'><strong>tam</strong></span> <span class='ocrx_word' id='word_1_115' title='bbox 218 2448 335 2524; x_wconf 81' lang='lat' dir='ltr'><strong>garrula</strong></span> <span class='ocrx_word' id='word_1_116' title='bbox 349 2447 541 2523; x_wconf 79' lang='lat' dir='ltr'><strong>loquacitate,</strong></span> <span class='ocrx_word' id='word_1_117' title='bbox 556 2459 589 2504; x_wconf 92' lang='lat' dir='ltr'><strong>nt</strong></span> <span class='ocrx_word' id='word_1_118' title='bbox 605 2449 805 2526; x_wconf 76' lang='lat' dir='ltr'><strong>grammaticos</strong></span> <span class='ocrx_word' id='word_1_119' title='bbox 817 2468 917 2507; x_wconf 87' lang='lat' dir='ltr'><strong>omnes</strong></span> <span class='ocrx_word' id='word_1_120' title='bbox 931 2452 1119 2529; x_wconf 78' lang='lat' dir='ltr'><strong>rhetorasque</strong></span> <span class='ocrx_word' id='word_1_121' title='bbox 1134 2455 1217 2514; x_wconf 83' lang='lat' dir='ltr'><strong>facile</strong></span> <span class='ocrx_word' id='word_1_122' title='bbox 1253 2428 1254 2442; x_wconf 71' lang='lat'><strong>.</strong></span> 
     </span>
    </p>
   </div>
   <div class='ocr_carea' id='block_1_4' title="bbox 143 2540 1220 4286">
    <p class='ocr_par' dir='ltr' id='par_1_5' title="bbox 143 2540 1218 3245">
     <span class='ocr_line' id='line_1_19' title="bbox 143 2540 1217 2616; baseline 0.005 -16"><span class='ocrx_word' id='word_1_123' title='bbox 143 2543 261 2600; x_wconf 80' lang='lat' dir='ltr'><strong>vineat:</strong></span> <span class='ocrx_word' id='word_1_124' title='bbox 282 2541 367 2597; x_wconf 90' lang='lat' dir='ltr'><strong>silent</strong></span> <span class='ocrx_word' id='word_1_125' title='bbox 385 2540 558 2616; x_wconf 80' lang='lat' dir='ltr'><strong>quicumque</strong></span> <span class='ocrx_word' id='word_1_126' title='bbox 575 2541 679 2599; x_wconf 88' lang='lat' dir='ltr'><strong>adsunt</strong></span> <span class='ocrx_word' id='word_1_127' title='bbox 696 2563 702 2600; x_wconf 94' lang='lat'><strong>:</strong></span> <span class='ocrx_word' id='word_1_128' title='bbox 720 2561 814 2616; x_wconf 89' lang='lat' dir='ltr'><strong>neque</strong></span> <span class='ocrx_word' id='word_1_129' title='bbox 834 2559 925 2614; x_wconf 85' lang='lat' dir='ltr'><strong>vero,</strong></span> <span class='ocrx_word' id='word_1_130' title='bbox 944 2544 968 2599; x_wconf 88' lang='lat' dir='ltr'><strong>si</strong></span> <span class='ocrx_word' id='word_1_131' title='bbox 986 2564 1088 2601; x_wconf 89' lang='lat' dir='ltr'><strong>vocem</strong></span> <span class='ocrx_word' id='word_1_132' title='bbox 1107 2547 1217 2605; x_wconf 84' lang='lat' dir='ltr'><strong>vellent</strong></span> 
     </span>
     <span class='ocr_line' id='line_1_20' title="bbox 144 2632 1218 2709; baseline 0.004 -16"><span class='ocrx_word' id='word_1_133' title='bbox 144 2635 278 2705; x_wconf 82' lang='lat' dir='ltr'><strong>mittere,</strong></span> <span class='ocrx_word' id='word_1_134' title='bbox 294 2632 476 2704; x_wconf 88' lang='lat' dir='ltr'><strong>audirentur,</strong></span> <span class='ocrx_word' id='word_1_135' title='bbox 491 2633 558 2690; x_wconf 89' lang='lat' dir='ltr'><strong>licet</strong></span> <span class='ocrx_word' id='word_1_136' title='bbox 574 2632 709 2689; x_wconf 80' lang='lat' dir='ltr'><strong>causidici</strong></span> <span class='ocrx_word' id='word_1_137' title='bbox 721 2633 816 2704; x_wconf 87' lang='lat' dir='ltr'><strong>mille,</strong></span> <span class='ocrx_word' id='word_1_138' title='bbox 832 2653 865 2690; x_wconf 87' lang='lat' dir='ltr'><strong>ae</strong></span> <span class='ocrx_word' id='word_1_139' title='bbox 879 2654 1024 2709; x_wconf 82' lang='lat' dir='ltr'><strong>praecoues</strong></span> <span class='ocrx_word' id='word_1_140' title='bbox 1039 2639 1128 2694; x_wconf 88' lang='lat' dir='ltr'><strong>verba</strong></span> <span class='ocrx_word' id='word_1_141' title='bbox 1141 2639 1218 2698; x_wconf 83' lang='lat' dir='ltr'><strong>face·</strong></span> 
     </span>
     <span class='ocr_line' id='line_1_21' title="bbox 144 2725 1218 2802; baseline 0.005 -18"><span class='ocrx_word' id='word_1_142' title='bbox 144 2741 226 2798; x_wconf 82' lang='lat' dir='ltr'><strong>rent,</strong></span> <span class='ocrx_word' id='word_1_143' title='bbox 241 2739 292 2783; x_wconf 90' lang='lat' dir='ltr'><strong>aut</strong></span> <span class='ocrx_word' id='word_1_144' title='bbox 308 2725 360 2782; x_wconf 83' lang='lat' dir='ltr'><strong>alia</strong></span> <span class='ocrx_word' id='word_1_145' title='bbox 375 2727 515 2802; x_wconf 76' lang='lat' dir='ltr'><strong>quapiam</strong></span> <span class='ocrx_word' id='word_1_146' title='bbox 529 2726 639 2784; x_wconf 76' lang='lat' dir='ltr'><strong>adesset</strong></span> <span class='ocrx_word' id='word_1_147' title='bbox 656 2726 780 2783; x_wconf 88' lang='lat' dir='ltr'><strong>mulier:</strong></span> <span class='ocrx_word' id='word_1_148' title='bbox 795 2737 901 2783; x_wconf 87' lang='lat' dir='ltr'><strong>tantam</strong></span> <span class='ocrx_word' id='word_1_149' title='bbox 916 2727 975 2784; x_wconf 79' lang='lat' dir='ltr'><strong>haec</strong></span> <span class='ocrx_word' id='word_1_150' title='bbox 988 2748 1046 2785; x_wconf 90' lang='lat' dir='ltr'><strong>nna</strong></span> <span class='ocrx_word' id='word_1_151' title='bbox 1059 2731 1218 2790; x_wconf 85' lang='lat' dir='ltr'><strong>verborum</strong></span> 
     </span>
     <span class='ocr_line' id='line_1_22' title="bbox 145 2817 1218 2897; baseline 0.004 -19"><span class='ocrx_word' id='word_1_152' title='bbox 145 2822 260 2897; x_wconf 86' lang='lat' dir='ltr'><strong>copiam</strong></span> <span class='ocrx_word' id='word_1_153' title='bbox 274 2817 415 2876; x_wconf 82' lang='lat' dir='ltr'><strong>effunditl</strong></span> <span class='ocrx_word' id='word_1_154' title='bbox 429 2819 537 2875; x_wconf 81' lang='lat' dir='ltr'><strong>Credas</strong></span> <span class='ocrx_word' id='word_1_155' title='bbox 549 2819 712 2892; x_wconf 86' lang='lat' dir='ltr'><strong>complures</strong></span> <span class='ocrx_word' id='word_1_156' title='bbox 723 2818 838 2875; x_wconf 87' lang='lat' dir='ltr'><strong>concuti</strong></span> <span class='ocrx_word' id='word_1_157' title='bbox 852 2820 964 2894; x_wconf 84' lang='lat' dir='ltr'><strong>pelves,</strong></span> <span class='ocrx_word' id='word_1_158' title='bbox 976 2832 1004 2876; x_wconf 87' lang='lat' dir='ltr'><strong>et</strong></span> <span class='ocrx_word' id='word_1_159' title='bbox 1018 2840 1072 2878; x_wconf 77' lang='lat' dir='ltr'><strong>ara</strong></span> <span class='ocrx_word' id='word_1_160' title='bbox 1087 2825 1218 2882; x_wconf 81' lang='lat' dir='ltr'><strong>sonantia</strong></span> 
     </span>
     <span class='ocr_line' id='line_1_23' title="bbox 144 2909 1217 2991; baseline 0.002 -21"><span class='ocrx_word' id='word_1_161' title='bbox 144 2929 336 2990; x_wconf 77' lang='lat' dir='ltr'><strong>percrepare3</strong></span> <span class='ocrx_word' id='word_1_162' title='bbox 349 2930 402 2968; x_wconf 89' lang='lat' dir='ltr'><strong>nec</strong></span> <span class='ocrx_word' id='word_1_163' title='bbox 411 2911 469 2983; x_wconf 88' lang='lat' dir='ltr'><strong>jam</strong></span> <span class='ocrx_word' id='word_1_164' title='bbox 482 2910 570 2967; x_wconf 82' lang='lat' dir='ltr'><strong>suerit</strong></span> <span class='ocrx_word' id='word_1_165' title='bbox 581 2929 655 2985; x_wconf 83' lang='lat' dir='ltr'><strong>opas</strong></span> <span class='ocrx_word' id='word_1_166' title='bbox 667 2911 704 2966; x_wconf 83' lang='lat' dir='ltr'><strong>ad</strong></span> <span class='ocrx_word' id='word_1_167' title='bbox 716 2928 799 2985; x_wconf 90' lang='lat' dir='ltr'><strong>opem</strong></span> <span class='ocrx_word' id='word_1_168' title='bbox 811 2910 886 2966; x_wconf 74' lang='lat' dir='ltr'><strong>luna</strong></span> <span class='ocrx_word' id='word_1_169' title='bbox 898 2909 1042 2968; x_wconf 82' lang='lat' dir='ltr'><strong>deficienti</strong></span> <span class='ocrx_word' id='word_1_170' title='bbox 1052 2913 1200 2972; x_wconf 82' lang='lat' dir='ltr'><strong>ferendam</strong></span> <span class='ocrx_word' id='word_1_171' title='bbox 1207 2960 1217 2991; x_wconf 89' lang='lat'><strong>,</strong></span> 
     </span>
     <span class='ocr_line' id='line_1_24' title="bbox 146 3001 1217 3076; baseline 0.002 -14"><span class='ocrx_word' id='word_1_172' title='bbox 146 3017 180 3062; x_wconf 88' lang='lat' dir='ltr'><strong>ut</strong></span> <span class='ocrx_word' id='word_1_173' title='bbox 196 3004 323 3062; x_wconf 85' lang='lat' dir='ltr'><strong>edantur</strong></span> <span class='ocrx_word' id='word_1_174' title='bbox 339 3001 483 3059; x_wconf 90' lang='lat' dir='ltr'><strong>inconditi</strong></span> <span class='ocrx_word' id='word_1_175' title='bbox 500 3001 637 3076; x_wconf 87' lang='lat' dir='ltr'><strong>strepitus</strong></span> <span class='ocrx_word' id='word_1_176' title='bbox 654 3001 875 3076; x_wconf 82' lang='lat' dir='ltr'><strong>personantibus</strong></span> <span class='ocrx_word' id='word_1_177' title='bbox 893 3002 984 3073; x_wconf 90' lang='lat' dir='ltr'><strong>tubis,</strong></span> <span class='ocrx_word' id='word_1_178' title='bbox 999 3016 1050 3060; x_wconf 86' lang='lat' dir='ltr'><strong>ant</strong></span> <span class='ocrx_word' id='word_1_179' title='bbox 1069 3006 1149 3062; x_wconf 74' lang='lat' dir='ltr'><strong>aereis</strong></span> <span class='ocrx_word' id='word_1_180' title='bbox 1165 3027 1217 3064; x_wconf 92' lang='lat' dir='ltr'><strong>ca-</strong></span> 
     </span>
     <span class='ocr_line' id='line_1_25' title="bbox 146 3094 1216 3172; baseline 0.003 -18"><span class='ocrx_word' id='word_1_181' title='bbox 146 3097 223 3154; x_wconf 85' lang='lat' dir='ltr'><strong>cabis</strong></span> <span class='ocrx_word' id='word_1_182' title='bbox 239 3095 477 3170; x_wconf 88' lang='lat' dir='ltr'><strong>crepitaculisque</strong></span> <span class='ocrx_word' id='word_1_183' title='bbox 495 3094 630 3169; x_wconf 87' lang='lat' dir='ltr'><strong>pulsatis;</strong></span> <span class='ocrx_word' id='word_1_184' title='bbox 644 3113 718 3164; x_wconf 86' lang='lat' dir='ltr'><strong>una,</strong></span> <span class='ocrx_word' id='word_1_185' title='bbox 734 3105 875 3169; x_wconf 88' lang='lat' dir='ltr'><strong>quantum</strong></span> <span class='ocrx_word' id='word_1_186' title='bbox 892 3095 959 3151; x_wconf 89' lang='lat' dir='ltr'><strong>satis</strong></span> <span class='ocrx_word' id='word_1_187' title='bbox 975 3097 1047 3169; x_wconf 85' lang='lat' dir='ltr'><strong>erit,</strong></span> <span class='ocrx_word' id='word_1_188' title='bbox 1066 3099 1216 3172; x_wconf 85' lang='lat' dir='ltr'><strong>clamabit,</strong></span> 
     </span>
     <span class='ocr_line' id='line_1_26' title="bbox 146 3187 547 3245; baseline -0.007 0"><span class='ocrx_word' id='word_1_189' title='bbox 146 3199 179 3245; x_wconf 87' lang='lat' dir='ltr'><strong>nt</strong></span> <span class='ocrx_word' id='word_1_190' title='bbox 188 3189 275 3244; x_wconf 88' lang='lat' dir='ltr'><strong>labor</strong></span> <span class='ocrx_word' id='word_1_191' title='bbox 286 3188 360 3242; x_wconf 77' lang='lat' dir='ltr'><strong>luna</strong></span> <span class='ocrx_word' id='word_1_192' title='bbox 372 3187 547 3243; x_wconf 82' lang='lat' dir='ltr'><strong>sublevetur.</strong></span> 
     </span>
    </p>

    <p class='ocr_par' dir='ltr' id='par_1_6' title="bbox 148 3274 1220 4286">
     <span class='ocr_line' id='line_1_27' title="bbox 185 3274 1217 3354; baseline 0.004 -18"><span class='ocrx_word' id='word_1_193' title='bbox 185 3289 258 3350; x_wconf 67' lang='grc' dir='ltr'><strong>ΔΜ.</strong></span> <span class='ocrx_word' id='word_1_194' title='bbox 280 3279 343 3336; x_wconf 83' lang='lat' dir='ltr'><strong>Alia</strong></span> <span class='ocrx_word' id='word_1_195' title='bbox 355 3279 469 3346; x_wconf 88' lang='lat' dir='ltr'><strong>mulier,</strong></span> <span class='ocrx_word' id='word_1_196' title='bbox 480 3276 639 3352; x_wconf 86' lang='lat' dir='ltr'><strong>sapientum</strong></span> <span class='ocrx_word' id='word_1_197' title='bbox 649 3297 681 3333; x_wconf 89' lang='lat' dir='ltr'><strong>ac</strong></span> <span class='ocrx_word' id='word_1_198' title='bbox 692 3274 930 3350; x_wconf 87' lang='lat' dir='ltr'><strong>philosophorum</strong></span> <span class='ocrx_word' id='word_1_199' title='bbox 941 3297 1036 3348; x_wconf 88' lang='lat' dir='ltr'><strong>more,</strong></span> <span class='ocrx_word' id='word_1_200' title='bbox 1046 3280 1083 3337; x_wconf 88' lang='lat' dir='ltr'><strong>de</strong></span> <span class='ocrx_word' id='word_1_201' title='bbox 1091 3282 1217 3354; x_wconf 89' lang='lat' dir='ltr'><strong>virtute,</strong></span> 
     </span>
     <span class='ocr_line' id='line_1_28' title="bbox 148 3368 1219 3443; baseline 0.004 -17"><span class='ocrx_word' id='word_1_202' title='bbox 148 3373 184 3430; x_wconf 87' lang='lat' dir='ltr'><strong>de</strong></span> <span class='ocrx_word' id='word_1_203' title='bbox 204 3370 280 3440; x_wconf 83' lang='lat' dir='ltr'><strong>fine,</strong></span> <span class='ocrx_word' id='word_1_204' title='bbox 302 3387 388 3443; x_wconf 88' lang='lat' dir='ltr'><strong>quern</strong></span> <span class='ocrx_word' id='word_1_205' title='bbox 406 3379 533 3443; x_wconf 87' lang='lat' dir='ltr'><strong>spectare</strong></span> <span class='ocrx_word' id='word_1_206' title='bbox 550 3369 673 3424; x_wconf 87' lang='lat' dir='ltr'><strong>debeant</strong></span> <span class='ocrx_word' id='word_1_207' title='bbox 691 3368 816 3424; x_wconf 78' lang='lat' dir='ltr'><strong>honestae</strong></span> <span class='ocrx_word' id='word_1_208' title='bbox 835 3369 976 3439; x_wconf 84' lang='lat' dir='ltr'><strong>actiones,</strong></span> <span class='ocrx_word' id='word_1_209' title='bbox 995 3369 1116 3428; x_wconf 83' lang='lat' dir='ltr'><strong>disserit.</strong></span> <span class='ocrx_word' id='word_1_210' title='bbox 1139 3375 1219 3443; x_wconf 88' lang='lat' dir='ltr'><strong>Quid</strong></span> 
     </span>
     <span class='ocr_line' id='line_1_29' title="bbox 149 3459 1218 3540; baseline 0.001 -20"><span class='ocrx_word' id='word_1_211' title='bbox 149 3475 254 3531; x_wconf 88' lang='lat' dir='ltr'><strong>restat,</strong></span> <span class='ocrx_word' id='word_1_212' title='bbox 269 3459 325 3518; x_wconf 90' lang='lat' dir='ltr'><strong>nisi</strong></span> <span class='ocrx_word' id='word_1_213' title='bbox 339 3471 388 3532; x_wconf 89' lang='lat' dir='ltr'><strong>ut,</strong></span> <span class='ocrx_word' id='word_1_214' title='bbox 403 3461 471 3518; x_wconf 90' lang='lat' dir='ltr'><strong>dum</strong></span> <span class='ocrx_word' id='word_1_215' title='bbox 489 3461 649 3534; x_wconf 86' lang='lat' dir='ltr'><strong>eloquentis</strong></span> <span class='ocrx_word' id='word_1_216' title='bbox 665 3471 694 3516; x_wconf 88' lang='lat' dir='ltr'><strong>et</strong></span> <span class='ocrx_word' id='word_1_217' title='bbox 713 3459 804 3515; x_wconf 76' lang='lat' dir='ltr'><strong>doctae</strong></span> <span class='ocrx_word' id='word_1_218' title='bbox 820 3460 924 3516; x_wconf 85' lang='lat' dir='ltr'><strong>famam</strong></span> <span class='ocrx_word' id='word_1_219' title='bbox 940 3481 973 3517; x_wconf 89' lang='lat' dir='ltr'><strong>ac</strong></span> <span class='ocrx_word' id='word_1_220' title='bbox 989 3481 1095 3520; x_wconf 90' lang='lat' dir='ltr'><strong>nornen</strong></span> <span class='ocrx_word' id='word_1_221' title='bbox 1112 3465 1218 3540; x_wconf 85' lang='lat' dir='ltr'><strong>ambit,</strong></span> 
     </span>
     <span class='ocr_line' id='line_1_30' title="bbox 150 3551 1217 3630; baseline 0 -18"><span class='ocrx_word' id='word_1_222' title='bbox 150 3557 294 3624; x_wconf 75' lang='lat' dir='ltr'><strong>micam,</strong></span> <span class='ocrx_word' id='word_1_223' title='bbox 313 3562 462 3610; x_wconf 84' lang='lat' dir='ltr'><strong>oratorum</strong></span> <span class='ocrx_word' id='word_1_224' title='bbox 481 3571 578 3621; x_wconf 88' lang='lat' dir='ltr'><strong>ruore,</strong></span> <span class='ocrx_word' id='word_1_225' title='bbox 595 3552 711 3627; x_wconf 88' lang='lat' dir='ltr'><strong>paulum</strong></span> <span class='ocrx_word' id='word_1_226' title='bbox 729 3551 804 3607; x_wconf 88' lang='lat' dir='ltr'><strong>infra</strong></span> <span class='ocrx_word' id='word_1_227' title='bbox 822 3570 913 3627; x_wconf 82' lang='lat' dir='ltr'><strong>genua</strong></span> <span class='ocrx_word' id='word_1_228' title='bbox 932 3552 1103 3612; x_wconf 86' lang='lat' dir='ltr'><strong>succinctam</strong></span> <span class='ocrx_word' id='word_1_229' title='bbox 1119 3567 1217 3630; x_wconf 82' lang='lat' dir='ltr'><strong>gerat;</strong></span> 
     </span>
     <span class='ocr_line' id='line_1_31' title="bbox 148 3627 1217 3724; baseline 0 -21"><span class='ocrx_word' id='word_1_230' title='bbox 148 3665 272 3724; x_wconf 88' lang='lat' dir='ltr'><strong>porcum</strong></span> <span class='ocrx_word' id='word_1_231' title='bbox 280 3687 289 3714; x_wconf 93' lang='lat'><strong>‚</strong></span> <span class='ocrx_word' id='word_1_232' title='bbox 298 3655 332 3700; x_wconf 90' lang='lat' dir='ltr'><strong>ut</strong></span> <span class='ocrx_word' id='word_1_233' title='bbox 341 3654 447 3718; x_wconf 85' lang='lat' dir='ltr'><strong>poctae,</strong></span> <span class='ocrx_word' id='word_1_234' title='bbox 457 3627 587 3720; x_wconf 75' lang='lat' dir='ltr'><strong>Syluano¹</strong></span> <span class='ocrx_word' id='word_1_235' title='bbox 597 3643 739 3712; x_wconf 78' lang='lat' dir='ltr'><strong>immolet3</strong></span> <span class='ocrx_word' id='word_1_236' title='bbox 749 3643 908 3717; x_wconf 86' lang='lat' dir='ltr'><strong>quadrante</strong></span> <span class='ocrx_word' id='word_1_237' title='bbox 919 3642 1043 3718; x_wconf 88' lang='lat' dir='ltr'><strong>deniqne</strong></span> <span class='ocrx_word' id='word_1_238' title='bbox 1053 3647 1217 3720; x_wconf 88' lang='lat' dir='ltr'><strong>persoluto,</strong></span> 
     </span>
     <span class='ocr_line' id='line_1_32' title="bbox 151 3734 1218 3817; baseline -0.001 -19"><span class='ocrx_word' id='word_1_239' title='bbox 151 3752 183 3799; x_wconf 87' lang='lat' dir='ltr'><strong>ut</strong></span> <span class='ocrx_word' id='word_1_240' title='bbox 198 3751 315 3817; x_wconf 83' lang='lat' dir='ltr'><strong>egentes</strong></span> <span class='ocrx_word' id='word_1_241' title='bbox 328 3737 509 3813; x_wconf 88' lang='lat' dir='ltr'><strong>philosophi,</strong></span> <span class='ocrx_word' id='word_1_242' title='bbox 526 3737 637 3793; x_wconf 81' lang='lat' dir='ltr'><strong>lavetur</strong></span> <span class='ocrx_word' id='word_1_243' title='bbox 651 3737 681 3792; x_wconf 90' lang='lat' dir='ltr'><strong>in</strong></span> <span class='ocrx_word' id='word_1_244' title='bbox 697 3734 826 3792; x_wconf 81' lang='lat' dir='ltr'><strong>balneis?</strong></span> <span class='ocrx_word' id='word_1_245' title='bbox 840 3736 871 3793; x_wconf 91' lang='lat' dir='ltr'><strong>Si</strong></span> <span class='ocrx_word' id='word_1_246' title='bbox 884 3735 1039 3806; x_wconf 69' lang='lat' dir='ltr'><strong>metandis,</strong></span> <span class='ocrx_word' id='word_1_247' title='bbox 1053 3739 1167 3796; x_wconf 86' lang='lat' dir='ltr'><strong>cavebis</strong></span> <span class='ocrx_word' id='word_1_248' title='bbox 1181 3759 1218 3797; x_wconf 86' lang='lat' dir='ltr'><strong>ne</strong></span> 
     </span>
     <span class='ocr_line' id='line_1_33' title="bbox 150 3827 1219 3904; baseline -0.001 -15"><span class='ocrx_word' id='word_1_249' title='bbox 150 3832 204 3889; x_wconf 89' lang='lat' dir='ltr'><strong>tibi</strong></span> <span class='ocrx_word' id='word_1_250' title='bbox 222 3831 322 3904; x_wconf 86' lang='lat' dir='ltr'><strong>juncta</strong></span> <span class='ocrx_word' id='word_1_251' title='bbox 339 3839 368 3885; x_wconf 87' lang='lat' dir='ltr'><strong>et</strong></span> <span class='ocrx_word' id='word_1_252' title='bbox 386 3829 556 3885; x_wconf 89' lang='lat' dir='ltr'><strong>accumbens</strong></span> <span class='ocrx_word' id='word_1_253' title='bbox 572 3845 649 3884; x_wconf 90' lang='lat' dir='ltr'><strong>uxor</strong></span> <span class='ocrx_word' id='word_1_254' title='bbox 666 3837 745 3884; x_wconf 86' lang='lat' dir='ltr'><strong>certo</strong></span> <span class='ocrx_word' id='word_1_255' title='bbox 763 3827 888 3900; x_wconf 86' lang='lat' dir='ltr'><strong>quodam</strong></span> <span class='ocrx_word' id='word_1_256' title='bbox 906 3827 1045 3901; x_wconf 87' lang='lat' dir='ltr'><strong>loquendi</strong></span> <span class='ocrx_word' id='word_1_257' title='bbox 1062 3847 1166 3903; x_wconf 82' lang='lat' dir='ltr'><strong>genere</strong></span> <span class='ocrx_word' id='word_1_258' title='bbox 1185 3849 1219 3888; x_wconf 86' lang='lat' dir='ltr'><strong>aa</strong></span> 
     </span>
     <span class='ocr_line' id='line_1_34' title="bbox 151 3921 1219 4002; baseline -0.001 -19"><span class='ocrx_word' id='word_1_259' title='bbox 151 3929 226 4002; x_wconf 74' lang='lat' dir='ltr'><strong>stylo</strong></span> <span class='ocrx_word' id='word_1_260' title='bbox 241 3935 355 3994; x_wconf 84' lang='lat' dir='ltr'><strong>utatur;</strong></span> <span class='ocrx_word' id='word_1_261' title='bbox 369 3941 406 3980; x_wconf 88' lang='lat' dir='ltr'><strong>nc</strong></span> <span class='ocrx_word' id='word_1_262' title='bbox 418 3923 588 3979; x_wconf 85' lang='lat' dir='ltr'><strong>brevitatem</strong></span> <span class='ocrx_word' id='word_1_263' title='bbox 601 3939 633 3978; x_wconf 94' lang='lat' dir='ltr'><strong>ac</strong></span> <span class='ocrx_word' id='word_1_264' title='bbox 647 3922 740 3978; x_wconf 87' lang='lat' dir='ltr'><strong>robur</strong></span> <span class='ocrx_word' id='word_1_265' title='bbox 750 3921 904 3989; x_wconf 89' lang='lat' dir='ltr'><strong>sermonis,</strong></span> <span class='ocrx_word' id='word_1_266' title='bbox 920 3921 950 3976; x_wconf 89' lang='lat' dir='ltr'><strong>in</strong></span> <span class='ocrx_word' id='word_1_267' title='bbox 964 3941 1023 3995; x_wconf 91' lang='lat' dir='ltr'><strong>quo</strong></span> <span class='ocrx_word' id='word_1_268' title='bbox 1038 3922 1137 3978; x_wconf 88' lang='lat' dir='ltr'><strong>crebra</strong></span> <span class='ocrx_word' id='word_1_269' title='bbox 1152 3937 1219 3982; x_wconf 88' lang='lat' dir='ltr'><strong>snut</strong></span> 
     </span>
     <span class='ocr_line' id='line_1_35' title="bbox 150 4013 1220 4095; baseline 0.001 -21"><span class='ocrx_word' id='word_1_270' title='bbox 150 4020 378 4095; x_wconf 78' lang='lat' dir='ltr'><strong>enthymemata,</strong></span> <span class='ocrx_word' id='word_1_271' title='bbox 400 4026 536 4091; x_wconf 65' lang='lat' dir='ltr'><strong>usurpet,</strong></span> <span class='ocrx_word' id='word_1_272' title='bbox 560 4034 598 4070; x_wconf 84' lang='lat' dir='ltr'><strong>nc</strong></span> <span class='ocrx_word' id='word_1_273' title='bbox 617 4014 746 4070; x_wconf 90' lang='lat' dir='ltr'><strong>omnium</strong></span> <span class='ocrx_word' id='word_1_274' title='bbox 770 4013 952 4068; x_wconf 86' lang='lat' dir='ltr'><strong>historiarum</strong></span> <span class='ocrx_word' id='word_1_275' title='bbox 974 4013 1076 4070; x_wconf 84' lang='lat' dir='ltr'><strong>seriem</strong></span> <span class='ocrx_word' id='word_1_276' title='bbox 1098 4018 1220 4076; x_wconf 86' lang='lat' dir='ltr'><strong>calleat:</strong></span> 
     </span>
     <span class='ocr_line' id='line_1_36' title="bbox 150 4103 1219 4182; baseline 0.001 -17"><span class='ocrx_word' id='word_1_277' title='bbox 150 4109 234 4168; x_wconf 86' lang='lat' dir='ltr'><strong>liceat</strong></span> <span class='ocrx_word' id='word_1_278' title='bbox 251 4109 296 4164; x_wconf 90' lang='lat' dir='ltr'><strong>illi</strong></span> <span class='ocrx_word' id='word_1_279' title='bbox 314 4107 424 4182; x_wconf 87' lang='lat' dir='ltr'><strong>aliquid</strong></span> <span class='ocrx_word' id='word_1_280' title='bbox 442 4105 571 4162; x_wconf 91' lang='lat' dir='ltr'><strong>inlibris</strong></span> <span class='ocrx_word' id='word_1_281' title='bbox 591 4103 719 4180; x_wconf 81' lang='lat' dir='ltr'><strong>legendis</strong></span> <span class='ocrx_word' id='word_1_282' title='bbox 739 4105 857 4162; x_wconf 88' lang='lat' dir='ltr'><strong>nescire.</strong></span> <span class='ocrx_word' id='word_1_283' title='bbox 879 4106 964 4160; x_wconf 85' lang='lat' dir='ltr'><strong>Ferre</strong></span> <span class='ocrx_word' id='word_1_284' title='bbox 984 4104 1061 4160; x_wconf 92' lang='lat' dir='ltr'><strong>illam</strong></span> <span class='ocrx_word' id='word_1_285' title='bbox 1083 4124 1138 4182; x_wconf 82' lang='lat' dir='ltr'><strong>ego</strong></span> <span class='ocrx_word' id='word_1_286' title='bbox 1157 4128 1219 4166; x_wconf 90' lang='lat' dir='ltr'><strong>nou</strong></span> 
     </span>
     <span class='ocr_line' id='line_1_37' title="bbox 151 4197 1217 4286; baseline 0.002 -29"><span class='ocrx_word' id='word_1_287' title='bbox 151 4221 283 4280; x_wconf 58' lang='lat' dir='ltr'><strong>possum</strong></span> <span class='ocrx_word' id='word_1_288' title='bbox 297 4221 362 4280; x_wconf 72' lang='lat' dir='ltr'><strong>qne</strong></span> <span class='ocrx_word' id='word_1_289' title='bbox 375 4219 391 4257; x_wconf 90' lang='lat' dir='ltr'><strong>a</strong></span> <span class='ocrx_word' id='word_1_290' title='bbox 403 4201 561 4267; x_wconf 63' lang='lat' dir='ltr'><strong>Palaemone</strong></span> <span class='ocrx_word' id='word_1_291' title='bbox 574 4197 679 4258; x_wconf 84' lang='lat' dir='ltr'><strong>tradita</strong></span> <span class='ocrx_word' id='word_1_292' title='bbox 691 4197 825 4258; x_wconf 74' lang='lat' dir='ltr'><strong>oratoria</strong></span> <span class='ocrx_word' id='word_1_293' title='bbox 838 4197 908 4256; x_wconf 86' lang='lat' dir='ltr'><strong>artis</strong></span> <span class='ocrx_word' id='word_1_294' title='bbox 919 4209 1060 4278; x_wconf 72' lang='lat' dir='ltr'><strong>precepta</strong></span> <span class='ocrx_word' id='word_1_295' title='bbox 1073 4201 1176 4286; x_wconf 59' lang='lat' dir='ltr'><strong>rendi}</strong></span> <span class='ocrx_word' id='word_1_296' title='bbox 1186 4221 1217 4260; x_wconf 81' lang='lat' dir='ltr'><strong>aa</strong></span> 
     </span>
    </p>
   </div>
   <div class='ocr_carea' id='block_1_5' title="bbox 238 4294 1061 4370">
    <p class='ocr_par' dir='ltr' id='par_1_7' title="bbox 238 4294 1061 4370">
     <span class='ocr_line' id='line_1_38' title="bbox 238 4294 1061 4370; baseline 0 0"><span class='ocrx_word' id='word_1_297' title='bbox 238 4295 268 4362; x_wconf 87' lang='lat'><strong>1·</strong></span> <span class='ocrx_word' id='word_1_298' title='bbox 1018 4294 1061 4370; x_wconf 76' lang='lat'><strong>²4</strong></span> 
     </span>
    </p>
   </div>
   <div class='ocr_carea' id='block_1_6' title="bbox 0 0 1553 4984">
    <p class='ocr_par' dir='ltr' id='par_1_8' title="bbox 0 0 1553 4984">
     <span class='ocr_line' id='line_1_39' title="bbox 0 0 1553 4984; baseline 0 0"><span class='ocrx_word' id='word_1_299' title='bbox 0 0 1553 4984; x_wconf 95' lang='lat' dir='ltr'><strong> </strong></span> 
     </span>
    </p>
   </div>
  </div>
 </body>
</html>
