3134 4990
325 394 393 458 eor
489 388 661 456 virum
682 389 976 464 tremores
998 360 1063 458 ur
1086 395 1239 464 norm

327 508 351 556 εἰ
355 506 488 573 perfrixit,
507 516 592 555 eanmt
602 506 671 555 bene.
693 503 794 556 Veraua
805 520 913 574 qnoque
927 512 1066 574 ipo—194
1076 506 1112 559 ad
1123 509 1318 574 Quintilianum
1330 512 1405 566 rete·

327 586 424 640 rendot
433 603 492 639 erte
502 581 676 647 crediderim,
686 584 735 636 etei
742 603 797 636 non
807 597 880 638 certo
893 599 1011 653 constet,
1022 607 1084 642 eum
1096 593 1203 642 nobilem
1212 610 1244 645 ac
1252 607 1396 652 seratum,

327 671 426 725 nedum
439 669 577 723 consulem
590 666 672 720 sume
686 666 771 738 (quod
781 667 861 720 multi
876 668 1006 740 colligunt
1019 689 1054 726 ex
1065 690 1105 724 ra.
1121 689 1187 744 197,
1201 687 1275 728 etex
1289 675 1398 730 Antonii

328 753 446 808 Gratiar.
458 754 518 806 Aet.
530 749 565 804 ad
576 749 697 804 Gratiau.
714 769 742 822 p.
755 767 818 820 7¹²»
833 751 877 804 vel
886 749 929 805 ed.
942 753 1050 825 Bipont.
1060 773 1088 826 p.
1103 773 1171 824 ¹9⁰³
1182 781 1193 803 ι
1201 757 1395 822 Quintilianus,

328 836 480 892 consularia
495 853 544 906 per
562 835 725 888 Clementem
738 831 862 887 Fluvium
877 849 1034 890 ornamenta
1051 839 1175 906 aortitut,
1193 839 1396 894 honestamenta

326 918 440 973 nominh
451 916 541 988 potius
550 915 655 969 ridetur
665 933 747 987 quam
757 914 877 987 insignia
890 918 1032 987 potettatia
1041 919 1183 987 hahuisse,
1192 946 1205 966 ι
1220 940 1310 992 neque
1320 921 1397 974 etiam

324 1001 497 1076 probaverim
505 999 643 1071 vulgarem
653 997 857 1070 explicationem
869 1016 877 1052 τ
887 999 1072 1065 Quintiliano·
1080 1017 1121 1056 ert
1123 1005 1212 1073 felir,
1221 1019 1246 1056 er
1248 1007 1367 1073 pulcher,
1376 1019 1400 1056 et

327 1106 388 1138 acer
392 1107 404 1148 ,·
424 1085 551 1156 estfelir,
567 1095 591 1134 et
602 1085 716 1152 sapient,
728 1095 779 1135 eto.
790 1081 922 1150 velselir,
936 1082 988 1136 hoo
998 1094 1053 1144 eat,
1071 1083 1186 1138 fortune
1201 1086 1334 1140 beneflcio
1341 1125 1350 1151 ,
1361 1099 1402 1140 eet

327 1167 441 1240 pulcher
448 1178 475 1219 et
482 1183 552 1228 acer,
558 1176 609 1218 etc.
617 1164 657 1217 Ex
667 1164 712 1217 illa
721 1164 825 1218 ratione
830 1183 882 1218 ιοι
884 1167 955 1232 felir
964 1177 1005 1219 ter
1015 1165 1105 1237 potita
1115 1166 1265 1222 admodum
1276 1169 1399 1240 inguen

326 1271 359 1306 ex
374 1252 426 1304 hac
442 1247 512 1302 duro
526 1260 553 1301 et
569 1248 656 1301 alieno
670 1249 705 1301 ab
718 1265 769 1301 utu
783 1247 910 1321 loquendi
925 1267 1003 1304 nutu
1016 1250 1158 1323 accipitur.
1173 1252 1294 1307 Mentem
1309 1253 1400 1326 potius

325 1346 412 1407 poetrt
421 1333 459 1387 ita
469 1331 548 1403 capio
560 1331 650 1400 :selim
658 1331 710 1384 hoc
720 1345 776 1394 ert,
787 1333 832 1404 qui
842 1331 905 1385 felix
914 1344 969 1397 eat,
981 1333 1026 1386 eui
1037 1333 1090 1388 lata
1101 1334 1206 1398 favent,
1223 1327 1248 1388 et
1253 1339 1366 1404 putetur,
1377 1349 1401 1388 et

324 1437 392 1482 acer,
401 1416 541 1481 etsapiem,
554 1427 577 1465 et
586 1415 672 1464 nobilis
681 1424 730 1479 eat,
744 1425 795 1466 eto.
807 1414 859 1466 hoo
868 1425 918 1482 eat,
927 1415 957 1468 'ei
966 1416 1142 1480 omniabona,
1155 1431 1182 1471 et
1192 1419 1319 1490 corporis
1329 1421 1399 1488 (pal-

324 1502 404 1570 chrr),
411 1511 439 1551 et
445 1497 528 1551 animi
539 1499 616 1566 (orer,
629 1507 656 1549 et
666 1498 771 1564 sopiens,
781 1508 807 1548 et
820 1511 905 1548 oratur
914 1500 1049 1564 mainus,
1060 1502 1167 1569 eto.),ct
1177 1501 1293 1554 fortune
1300 1504 1398 1570 (nobilis

324 1596 350 1637 et
357 1581 516 1650 generosas),
528 1579 651 1633 affluunt.
661 1578 759 1631 Similia
770 1579 901 1632 orationis
910 1581 984 1634 oolor
996 1596 1036 1636 eet
1045 1581 1118 1655 opud
1126 1583 1222 1638 Horat.
1232 1585 1320 1656 Epiat.
1331 1585 1360 1650 1,
1374 1603 1397 1648 ι,

326 1669 376 1719 rod
386 1682 443 1738 req.
458 1675 485 1718 ot
496 1665 578 1718 Satir.
593 1664 621 1728 1,
632 1661 659 1730 3,
673 1668 723 1726 ιιι
736 1681 792 1735 aeq.
807 1692 844 1705 -
859 1663 945 1718 Simili
954 1681 1063 1739 quoque
1071 1667 1184 1721 ratiricar
1192 1668 1288 1722 ironia
1295 1669 1397 1741 impetu

326 1751 439 1803 Nottraa
450 1749 562 1809 Boileuu,
573 1745 628 1800 Sat.
639 1746 710 1798 VIII
719 1763 726 1798 :

476 1853 490 1872 ι
496 1831 638 1892 Quicunque
648 1839 684 1876 att
693 1829 767 1886 riche,
776 1839 811 1877 ert
819 1839 874 1878 tout
884 1845 890 1878 τ
901 1847 957 1903 tana
966 1846 1072 1895 argeste,
1081 1834 1100 1881 il
1110 1844 1146 1882 eat
1155 1849 1224 1897 teger

474 1926 488 1946 e
496 1905 517 1952 ll
528 1921 556 1960 ι,
570 1919 623 1951 arna
634 1904 685 1951 rien
697 1903 789 1960 aaroir,
800 1905 822 1953 la
834 1905 926 1954 edente
937 1923 967 1954 en
979 1919 1089 1972 partuque

474 1981 517 2026 ..11
529 1995 544 2027 a
555 1979 658 2042 l'erprit‚
669 1980 781 2034 laomor,
792 1980 815 2026 le
827 1979 923 2038 merite,
935 1983 958 2030 le
970 1997 1042 2044 reug,

475 2055 624 2109 «Larem,
635 2054 658 2101 la
668 2054 763 2109 vnlenr,
774 2054 797 2100 la
805 2054 909 2116 digesti,
921 2056 943 2102 le
954 2072 1024 2120 tangi

475 2149 489 2170 e
496 2129 516 2176 ll
527 2137 563 2174 eat
575 2127 635 2176 aim&
646 2128 688 2175 det
699 2129 800 2191 ςιιιιᾶι,
812 2130 829 2175 il
842 2139 877 2176 eat
891 2130 956 2178 che‘ri
966 2131 1008 2178 dea
1019 2129 1108 2186 helicae

477 2203 584 2249 «lamnia
596 2203 763 2250 rurintendant
774 2219 805 2249 ne
816 2213 901 2250 trouva
912 2204 943 2251 de
954 2205 1068 2251 eruellea:

475 2297 488 2319 ι
495 2277 551 2324 L'or
561 2277 637 2324 mdme
650 2275 664 2323 l
675 2277 698 2323 la
709 2275 802 2324 laideur
811 2278 891 2324 donne
904 2293 936 2324 uu
949 2279 1009 2324 teint
1020 2278 1051 2325 de
1061 2277 1164 2337 heaut&

475 2372 489 2392 ι
496 2351 557 2398 Maia
569 2360 622 2398 tout
632 2349 727 2398 devient
738 2351 830 2400 allteux
841 2367 898 2401 aree
909 2353 932 2400 la
944 2352 1064 2415 pauvretd.
1071 2374 1084 2394 η

322 2438 432 2494 Confer.
444 2452 551 2510 quoque
560 2435 678 2510 ejusdem
688 2435 777 2510 Epist.
787 2438 823 2505 V,
832 2457 873 2492 ιι.
884 2437 917 2491 tt
928 2457 982 2511 aeq.
994 2439 1046 2494 En.
1055 2469 1092 2482 —·
1100 2437 1155 2494 Sed
1162 2438 1299 2512 quomodo
1310 2441 1394 2506 Quin·

319 2523 433 2576 tilianua
442 2533 497 2574 tam
509 2518 583 2573 divea
595 2517 649 2573 dici
662 2532 764 2591 potest,
778 2539 858 2593 quem
868 2523 936 2575 Pliu.
949 2523 1037 2594 Epist.
1050 2523 1107 2589 VI,
1119 2524 1170 2585 32,
1185 2523 1297 2595 Trajani
1306 2523 1393 2578 adhuc

322 2605 577 2679 temporihuaom'mo
585 2601 694 2676 quidem
702 2608 883 2672 lectissim,
893 2604 940 2660 red
948 2610 1067 2658 modicum
1073 2609 1236 2678 serenitatibus
1246 2609 1329 2661 {uitae
1340 2623 1392 2662 tra·

322 2687 383 2742 dit?
393 2691 465 2739 Dives
474 2687 564 2741 vocari
571 2687 658 2758 potnit
666 2700 790 2759 respectu
798 2688 912 2741 aliorum
919 2687 1067 2756 rhetorum,
1075 2691 1120 2762 qui
1130 2691 1293 2762 pauperrimi
1300 2706 1389 2756 erant,

322 2786 350 2826 et
358 2771 634 2840 modicussacultutibur
643 2781 768 2840 respectu
778 2767 867 2834 Plinii,
874 2772 922 2842 qui
931 2771 1078 2826 ditissimus
1088 2773 1148 2826 tuit.
1159 2774 1257 2844 Magna
1264 2785 1392 2845 preterea

322 2872 384 2906 cum
394 2853 478 2926 gloria
488 2852 549 2905 etin
560 2851 619 2904 loro
628 2862 747 2906 versatur
757 2864 810 2917 ert,
821 2867 848 2907 et
859 2853 1021 2909 rhetoricam
1030 2853 1123 2908 docuit
1131 2873 1181 2926 per
1189 2856 1286 2927 viginti
1293 2874 1391 2921 aaron

319 2937 424 3010 primur
433 2953 539 3009 quoque
547 2935 667 2988 scholam
676 2935 765 2987 Romen
773 2935 876 3000 habuit,
888 2948 915 2990 et
925 2937 1051 2991 anlarium
1058 2938 1164 3007 accepit
1173 2957 1188 2990 e
1196 2938 1274 2999 liaeo,
1281 2953 1390 2993 centeno

322 3021 452 3076 reatertia.
464 3020 542 3074 Cous.
551 3018 668 3071 Martini.
679 3018 723 3081 11,
734 3036 777 3087 90.
789 3020 925 3085 Quoniam
936 3039 1001 3074 vero
1012 3033 1048 3072 tot
1055 3023 1238 3089 lubuitaaltus,
1247 3035 1335 3078 tantur
1345 3044 1390 3097 po·

317 3105 373 3157 tiua
383 3121 447 3174 oper
458 3113 519 3173 poet
532 3101 670 3173 epistolam
681 3101 755 3180 illam!
766 3121 782 3156 a
793 3102 882 3156 Plinio
895 3104 1038 3175 scriptam,
1053 3103 1192 3158 Hadriano
1206 3106 1298 3160 forsan
1309 3110 1389 3181 impe·

318 3198 410 3251 rante,
428 3183 615 3256 acquisivisse,
631 3198 678 3239 aut
686 3183 788 3236 Plinius
797 3183 832 3238 ad
841 3185 921 3238 alium
928 3185 1123 3251 Quintilianum
1133 3188 1273 3258 scripsisse
1281 3209 1387 3244 oenoen·

319 3269 444 3331 dorcet,
465 3277 512 3319 aut
530 3265 598 3318 aliut
614 3265 665 3317 arri
683 3264 761 3317 irtiur
776 3266 869 3320 rhetor
886 3265 1040 3340 designatur
1055 3269 1164 3322 nomine
1183 3274 1340 3338 Quiatrhiaai,
1358 3286 1388 3325 ut

319 3350 426 3407 nomine
443 3351 542 3402 Paridis
559 3348 625 3405 aliut
643 3347 758 3415 histrio,
775 3367 857 3420 aupra
871 3369 910 3403 ra.
928 3354 961 3421 67
977 3369 1033 3423 aeq.
1052 3351 1128 3406 Cori.
1147 3352 1276 3407 Dodwell.
1291 3357 1388 3410 Annei.

320 3433 434 3502 Quintil.
446 3435 461 3502 S
474 3431 589 3498 ill-ir,
600 3443 627 3485 et
635 3428 773 3504 Spalding.
783 3430 818 3484 ad
826 3431 939 3497 Quintil.
951 3434 1019 3488 luat.
1030 3434 1078 3488 Or.
1090 3435 1147 3500 111,
1160 3453 1184 3502 t,
1196 3454 1239 3502 ar,
1248 3455 1312 3510 paq.
1327 3437 1388 3502 438,

319 3533 346 3575 et
358 3519 386 3572 in
395 3518 470 3571 Praef.
483 3535 543 3590 pug.
554 3516 649 3569 XXXI
660 3534 715 3588 aeq.

354 3615 425 3669 Nor.
441 3613 1386 3684 189.3201nptamv0mmraromm,tonunaeimolite.-Novadienntur‚

318 3717 378 3771 qne
389 3696 431 3751 vel
441 3701 594 3768 nunquam,
607 3696 651 3748 rel
661 3714 723 3748 raro
733 3707 811 3749 antea
821 3695 878 3748 rita
890 3709 918 3752 et
930 3695 1020 3752 audita
1028 3710 1098 3752 tunt.
1106 3705 1220 3768 —Aoer,
1230 3705 1300 3758 aerii
1312 3707 1387 3777 inge·

318 3784 357 3835 mii
370 3780 558 3854 judicioiique:
576 3779 627 3832 niti
643 3777 678 3833 ad
693 3777 867 3833 acrimoniam
882 3793 910 3834 et
924 3779 982 3834 rim
999 3779 1108 3836 dicendi
1125 3795 1231 3856 apertat
1247 3787 1386 3858 epitheton

316 3879 429 3938 propter
444 3865 534 3919 locum
549 3865 634 3936 Epiet.
644 3864 680 3928 V,
697 3881 728 3916 ιο
739 3882 746 3917 :
757 3888 768 3909 ι
776 3863 816 3916 Ne
826 3862 919 3918 videar
932 3864 983 3918 tihi
996 3866 1046 3918 auh
1058 3866 1110 3920 hoc
1122 3867 1200 3939 quari
1211 3868 1386 3940 hyperbolico

316 3947 454 4001 rhetorum
464 3947 586 4022 catalogo
594 3945 731 4001 blanditur
741 3945 878 4019 quidpiam
886 3943 1112 4021 gratificatusque,
1123 3951 1207 4004 aolam
1214 3954 1264 4006 tihi
1273 3955 1387 4007 acrimo-

316 4030 389 4081 niam
399 4029 566 4097 Quintiliani,
575 4047 755 4104 pompamque
767 4027 876 4084 l’alladii
886 4031 1037 4104 comparari
1047 4051 1103 4086 non
1111 4033 1227 4105 ambigo,
1238 4033 1283 4090 ted
1292 4035 1386 4107 potius

315 4130 465 4186 acquiesco.
477 4140 489 4159 n
