3108 4986
343 437 407 502 290
624 411 1132 478 n.Jua111uvauams

385 531 454 624 Ipsi
474 553 581 624 pauca
598 526 716 612 velim,
732 526 865 598 facilem
882 525 911 596 si
929 528 1076 621 praebeat
1091 552 1217 596 aurem.

337 642 448 710 Nemo
465 639 567 734 petit,
583 637 723 712 modicis
739 663 814 730 quae
831 626 1056 708 mittebantur
1071 640 1186 708 amicis

336 752 365 817 A
382 751 526 832 Seneca,
544 772 617 841 quae
634 747 710 817 Piso
727 746 856 833 bonus,
872 772 947 841 quae
962 750 1063 820 Cotta
1077 747 1206 818 solebat

334 858 484 952 Largiri3
502 881 646 950 namque
663 871 698 926 et
715 856 839 944 titulis,
856 873 890 926 et
905 857 1051 929 fascibus
1069 858 1149 930 olim

334 969 445 1062 Major
461 968 648 1037 habebatur
663 967 812 1040 donandi
831 967 940 1063 gloria
958 996 967 1038 :
984 969 1093 1040 solum

334 1079 523 1163 Poscimus,
538 1091 576 1146 ut
595 1101 707 1148 coenes
722 1076 865 1148 civiliter
882 1103 890 1150 ε
909 1080 975 1150 boc
992 1079 1083 1166 face,
1097 1093 1131 1148 et
1148 1093 1238 1165 esto,

332 1192 430 1276 Esto,
448 1205 486 1257 ut
501 1212 593 1258 nunc
609 1186 724 1275 multi,
743 1188 836 1260 dives
846 1190 936 1275 tihi,
957 1215 1087 1286 pauper
1103 1191 1231 1260 amicis.

378 1300 517 1370 Anseris
534 1314 612 1366 ante
629 1299 741 1392 ipsum
759 1299 872 1394 magni
889 1299 999 1392 jecur,
1016 1301 1193 1370 anseribus
1209 1326 1272 1396 par

328 1409 455 1495 Altilis,
472 1424 505 1477 et
523 1408 598 1476 llavi
616 1407 738 1502 dignus
754 1407 848 1480 ferro
863 1407 1030 1505 Meleagri
1362 1429 1412 1481 us

328 1526 446 1592 Fumat
463 1544 545 1616 aper
559 1547 567 1590 t
584 1521 770 1616 posthunc
788 1520 967 1590 tradentur
981 1522 1118 1606 tubera,
1134 1522 1162 1590 si
1179 1545 1239 1590 ver

326 1635 424 1701 Tunc
440 1633 519 1716 erit,
537 1646 571 1701 et
588 1630 712 1704 facient
728 1644 842 1724 optata
859 1631 1009 1702 tonitrua
1028 1655 1139 1700 coenas

325 1742 483 1835 Majores.
500 1739 577 1810 Tibi
592 1740 679 1812 habe
696 1737 929 1824 frumentum,
948 1739 1097 1810 Alledius
1113 1741 1245 1834 inquit,

323 1852 355 1918 Ο
370 1851 496 1944 Libye;
516 1849 673 1942 disjunge
690 1849 812 1933 boves,
828 1848 909 1918 dum
928 1849 1049 1920 tubera
1065 1849 1186 1918 mittas.

372 1963 582 2030 Structorem
597 1958 744 2044 interea,
760 1982 803 2026 ne
820 1982 888 2051 qua
900 1957 1094 2054 indignatio
1111 1959 1214 2044 desit,
1355 1998 1404 2030 ιω

322 2069 505 2141 Saltantem
522 2081 672 2162 spectes,
688 2082 721 2136 et
738 2067 1001 2138 chironomunta
1017 2066 1164 2142 volanti

365 2331 430 2383 107.
451 2313 513 2388 Ego
524 2309 682 2368 Virronem
693 2310 787 2383 ipsum
797 2307 879 2369 affari
889 2307 987 2382 paucis
997 2308 1099 2378 velim,
1111 2308 1135 2366 si
1147 2309 1236 2366 modo
1246 2308 1405 2368 faciliaure

323 2425 369 2464 me
381 2404 482 2462 andire
493 2423 555 2462 non
565 2403 741 2480 gratabitur.
764 2405 856 2458 «Non
871 2412 1011 2476 petuntur
1026 2420 1043 2458 a
1062 2411 1090 2458 te
1105 2400 1153 2456 illa
1169 2401 1273 2459 eximia
1288 2413 1317 2458 et
1329 2403 1406 2462 lanta

323 2501 456 2570 munera,
472 2493 536 2572 quae
550 2495 651 2556 olima
668 2496 774 2554 Seneca
790 2495 848 2552 suis
867 2493 981 2562 amicis,
998 2493 1092 2568 iisque
1109 2493 1294 2551 tenuioribus
1309 2495 1404 2553 mitte-

322 2591 446 2659 bantur;
469 2607 533 2662 quac
554 2587 619 2642 Piso
641 2587 783 2657 liberalis,
805 2607 869 2661 quae
893 2589 979 2644 Cotta
1002 2584 1155 2644 clientibus
1177 2585 1236 2644 suis
1258 2587 1402 2662 impertiri

322 2682 452 2740 solebat:
468 2699 536 2741 nam
553 2679 624 2736 olim
637 2678 669 2734 in
685 2679 770 2735 lande
785 2679 891 2752 majori
905 2679 1070 2753 ponebatur
1087 2677 1299 2750 munificentia,
1318 2699 1405 2755 quan

324 2791 424 2832 omnes
450 2772 596 2831 honorum
622 2769 716 2838 tituli,
736 2789 767 2824 sc
789 2768 843 2844 ipsi
866 2772 1030 2828 consulatus
1051 2770 1148 2828 fasces.
1175 2772 1239 2828 lloc
1263 2771 1406 2830 duntaxat

323 2866 518 2938 postulamus,
530 2873 577 2930 ut,
592 2861 699 2918 civium
710 2879 808 2928 more,
825 2873 888 2918 tuos
902 2863 1020 2918 clientes
1031 2861 1069 2918 ad
1081 2862 1195 2920 easdem
1207 2873 1305 2920 tecum
1317 2864 1406 2940 dapes

324 2955 466 3014 adhibeas
479 2955 514 3012 Id
528 2955 552 3012 si
564 2952 650 3022 facis,
665 2953 758 3028 patiar
769 2953 904 3028 equidem
920 2967 961 3026 te,
976 2965 1009 3010 ut
1020 2955 1104 3010 multi
1119 2954 1267 3026 factitant,
1286 2959 1405 3032 mando

325 3045 448 3102 eoeuabis
462 3047 556 3114 solus,
568 3044 672 3122 lautius
685 3055 713 3100 et
726 3061 807 3102 more
819 3044 943 3102 divitum
955 3045 1080 3122 epulari3
1095 3065 1180 3118 parce
1192 3065 1263 3104 vero
1277 3067 1310 3103 ac
1323 3069 1406 3107 mose

325 3156 484 3213 pauperum
497 3156 626 3202 coenarc,
642 3137 760 3209 quando
773 3156 839 3194 cum
851 3137 948 3196 amicis
959 3147 988 3192 et
1000 3136 1153 3195 clientibus
1165 3137 1263 3196 cibum
1273 3157 1404 3199 sirmas.»

369 3239 433 3300 114.
457 3229 1405 3307 AnteipsumVirronemapponituretsumatcalidumingentisan-

324 3324 394 3382 seris
402 3325 498 3398 jecur,
510 3333 538 3380 et
547 3323 717 3412 gallinanou
726 3322 823 3380 minor
832 3341 946 3391 ansere,
957 3321 1037 3378 dorni
1047 3323 1187 3398 saginata3
1200 3343 1253 3382 nec
1263 3344 1325 3382 non
1334 3345 1405 3401 aper

324 3417 423 3474 similis
443 3416 618 3494 Calydoniol
635 3435 722 3492 quem
741 3415 886 3492 Meleager
904 3413 1047 3470 formosus
1066 3415 1145 3471 ferro
1163 3417 1317 3476 interfecit.
1335 3423 1403 3480 Post

325 3484 441 3586 dprurn,
453 3509 620 3568 inferuntur
628 3509 658 3564 in
669 3508 798 3569 eamdem
808 3527 911 3564 mensae
921 3518 1032 3582 partem
1042 3507 1124 3584 fungi
1133 3505 1208 3581 (scil.
1219 3509 1340 3582 tubera,
1351 3515 1404 3570 des

324 3601 456 3680 erassem)
467 3613 591 3678 purgato
603 3612 633 3656 et
643 3601 745 3658 abraso
757 3599 881 3670 cortice,
892 3599 916 3656 si
927 3595 1018 3658 verrin
1028 3600 1065 3655 sit
1078 3610 1245 3676 tempestas,
1256 3603 1280 3662 si
1293 3625 1403 3679 oppor-

323 3707 393 3752 tuna
402 3695 498 3771 fungis
507 3694 638 3750 creandis
648 3694 814 3768 alendisque
824 3692 1080 3750 tonitruaillorum
1090 3695 1196 3752 molem
1206 3715 1239 3752 ac
1248 3715 1402 3756 numerum

323 3787 500 3842 ferculorum
513 3787 656 3844 auxerint.
676 3808 689 3834 «ι
705 3786 817 3842 Habeas
837 3785 891 3843 tibi
912 3805 978 3842 sane
996 3787 1190 3856 frumentum,
1204 3807 1237 3844 ac
1250 3808 1364 3862 serves,
1383 3811 1401 3848 o

324 3876 435 3947 Africa,
448 3878 538 3934 boves
547 3877 631 3936 etiam
641 3878 677 3934 ab
687 3878 788 3934 aratris
798 3897 945 3934 remorsas
956 3879 1032 3949 licet,
1045 3878 1140 3952 inquit
1149 3880 1247 3938 helluo
1259 3883 1402 3954 Alledius,

323 3969 483 4028 ‹lummodo
497 3969 637 4044 plurimos
649 3969 734 4026 nobis
745 3968 850 4045 fungos
864 3969 969 4028 mittas.
982 3995 993 4022 i

364 4080 430 4118 120.
451 4062 527 4120 Vide
541 4063 675 4130 interim,
690 4064 784 4119 atille
803 4063 853 4138 qui
866 4065 1010 4122 struendae
1021 4083 1125 4122 mensae
1142 4076 1259 4142 praeest,
1274 4085 1312 4124 ne
1327 4067 1400 4142 quid

322 4150 396 4208 absit
408 4153 490 4230 quod
499 4172 619 4213 movere
636 4154 691 4210 tibi
707 4156 931 4214 stomachanter
947 4156 1035 4214 bilem
1047 4168 1148 4232 queat,
1167 4156 1294 4234 agilitate
1306 4158 1397 4230 mira,
