3056 4984
341 401 404 467 322
489 397 660 466 VARIAE
689 396 983 464 LECTIONES
1011 397 1075 464 ET
1101 399 1255 465 NOTAE

338 516 367 567 11
377 551 385 578 ‚
399 534 431 579 2,
443 514 473 566 31
484 531 539 583 seq.
551 543 586 553 -
598 514 711 560 Torrente
720 512 821 572 cloaca,
835 507 968 562 confluvio
977 509 1095 564 sordium
1105 515 1171 584 ejus,
1182 531 1242 584 quse
1252 512 1281 566 in
1291 509 1409 566 Tiberim

338 598 503 652 deferuntur.
515 593 563 646 Vis
572 591 653 664 epith.
664 603 766 644 tenente
774 589 937 660 intelligitur,
946 591 989 642 vel
999 609 1030 645 ex
1040 594 1100 648 loco
1108 595 1181 648 class.
1192 593 1226 648 de
1235 594 1332 648 cloacis
1340 592 1408 647 Plin.

338 682 476 744 xxxvl,
490 677 519 732 15
535 695 541 729 :
557 703 568 722 ι
578 675 679 730 Closcss
694 691 805 747 operum
820 673 939 726 omnium
952 675 1111 741 maximum,
1121 675 1247 730 subfossis
1259 677 1409 743 montibus,
1522 727 1523 730 ,

337 777 416 837 atque
430 763 495 816 urbe
507 759 601 834 pensili
615 759 756 830 subterque
768 757 895 830 navigate.
908 757 981 812 Fecit
993 759 1022 814 id
1032 760 1148 833 Agrippa
1160 761 1188 814 iu
1199 759 1351 826 AEdilitate,
1363 779 1411 833 per

338 861 438 906 mestus
450 845 586 901 corrivatis
595 844 649 896 vtt
662 842 782 896 amnibus
792 841 905 910 (cloacis
913 842 1064 915 precipuis,
1074 845 1124 898 suh
1133 857 1229 898 terrem
1239 843 1337 910 ductis,
1346 856 1411 916 quot

338 931 412 983 luere
422 940 521 981 montes
533 946 580 980 seu
592 945 664 980 arces
678 942 708 978 sc
722 925 800 978 colles
814 926 955 994 Roman),
969 945 1101 999 cursuque
1111 927 1259 1000 precipiti,
1274 931 1410 980 nmmum

337 1013 430 1080 modo,
439 1029 532 1084 repere
541 1010 628 1062 omnia
638 1021 716 1081 atque
725 1009 829 1062 auferre
840 1007 945 1062 coactis.
958 1009 1012 1074 Qui
1021 1009 1127 1082 insuper
1137 1010 1207 1064 mole
1215 1010 1342 1066 imbrium
1349 1028 1409 1064 cou-

339 1099 411 1152 citati
419 1095 486 1150 eada
497 1115 527 1148 sc
538 1095 617 1148 latera
628 1092 765 1164 quatiunt,
779 1091 920 1163 aliquando
933 1092 1036 1146 Tiberis
1046 1105 1116 1148 retro
1127 1092 1208 1148 infusi
1219 1095 1351 1165 recipiunt
1360 1093 1409 1146 fln-

338 1195 406 1248 ctus,
420 1190 590 1253 pugnantque
603 1175 700 1230 diversi
714 1194 843 1248 aquarum
856 1176 970 1248 impetus
983 1176 1070 1244 intus;
1085 1190 1110 1230 et
1129 1189 1215 1232 temen
1233 1179 1346 1232 obnoxia
1364 1179 1409 1232 tts·
1522 1247 1523 1256 ἵ

338 1266 414 1318 mites
427 1261 531 1316 resistit.
543 1285 554 1304 ·

373 1388 440 1434 Vns.
461 1382 518 1432 105.
534 1381 652 1446 Torpente
664 1380 741 1428 invita
754 1381 867 1431 Minerva
880 1383 977 1432 emend.
990 1386 1103 1450 liutgeri.
1115 1386 1174 1435 Ver.
1186 1385 1252 1432 lect.
1266 1387 1307 1445 11,
1322 1400 1363 1442 η.

372 1470 439 1516 Van.
457 1467 512 1514 106.
524 1467 627 1512 Fossam
637 1480 683 1528 pro
692 1475 798 1532 coptam
804 1499 812 1522 ,
826 1481 858 1513 aa
867 1501 875 1525 ,
884 1483 915 1514 ex
924 1467 986 1532 intp.
996 1469 1149 1518 -Subume
1157 1467 1206 1516 stit.
1214 1469 1272 1518 Viti.
1281 1468 1313 1517 sd
1324 1471 1376 1530 111,
1387 1471 1410 1520 5.

372 1556 442 1609 Nor.
465 1557 525 1608 106.
542 1557 643 1622 Crypto,
657 1552 759 1606 occulta
771 1543 902 1624 (sponsi)
915 1574 946 1608 sc
957 1557 1123 1610 subterraneo
1135 1573 1245 1615 caverna
1263 1557 1410 1623 fornicata,

337 1642 389 1694 hoc
402 1650 457 1706 est,
472 1638 569 1692 cloaca.
585 1642 625 1692 De
637 1640 730 1688 &bura
742 1635 850 1690 vidend
864 1637 922 1702 111,
937 1638 962 1691 5.

372 1764 441 1810 Vns.
465 1775 522 1822 1⁰7·
542 1758 632 1808 Facilis
646 1760 764 1824 suspicari
777 1760 857 1824 possis
871 1769 986 1823 tanquam
1001 1760 1115 1822 doctius,
1127 1760 1181 1809 coll.
1192 1761 1234 1822 X,
1252 1762 1267 1809 8
1286 1762 1348 1827 (nbi
1362 1761 1411 1811 vid.

336 1844 420 1908 not),
434 1845 520 1892 Horat.
533 1845 580 1892 Sat.
592 1846 620 1904 1,
633 1858 656 1902 1,
668 1859 716 1904 ²²3
730 1853 754 1891 et
767 1845 841 1908 Prop.
853 1846 892 1904 11,
905 1861 948 1902 αι,
963 1847 1002 1894 15.
1016 1844 1121 1893 Librsrtt
1133 1844 1240 1910 epitheta
1253 1845 1411 1894 substentiris

336 1927 521 1977 smommodsre
533 1926 621 1974 solent.
635 1926 683 1974 Sed
696 1927 790 1994 vulgatu
803 1928 877 1976 lectio
890 1942 943 1975 non
956 1928 1104 1991 spernenda.
1119 1928 1190 1976 Confi
1203 1929 1256 1992 111,
1270 1943 1328 1976 saa.
1341 1929 1409 1978 Cete-
1522 1949 1523 1952 ¹

336 2027 392 2060 rum
404 2027 489 2059 versus
504 2009 654 2071 107-113,
669 2011 762 2074 aptiore
776 2010 832 2059 loco
844 2011 984 2076 legerentur
997 2018 1054 2074 post
1068 2026 1092 2056 v.
1108 2011 1165 2060 131,

370 2103 439 2156 Nor.
462 2119 522 2171 107.
538 2101 581 2154 Cf.
593 2100 657 2154 Vsr.
670 2100 743 2154 Lect.
757 2131 793 2142 -
807 2104 860 2166 Ipsi
870 2100 996 2166 Virroni,
1009 2113 1034 2154 et
1045 2101 1091 2174 qui
1102 2101 1125 2154 ei
1136 2102 1234 2155 similes
1244 2114 1321 2161 sunt.
1330 2123 1412 2172 passe

335 2186 411 2236 velim
424 2183 522 2236 dicere.
537 2212 573 2224 -
586 2185 692 2233 Facilem
705 2185 729 2232 si
735 2187 848 2252 proebeat
860 2202 958 2244 summ,
973 2183 995 2236 si
1008 2183 1122 2254 benigne
1138 2203 1169 2236 ec
1185 2183 1298 2237 libenter
1312 2186 1410 2239 audiat
1522 2219 1523 2240 t

336 2267 413 2320 Conl.
424 2267 488 2318 Var.
501 2266 575 2318 Lect.
592 2278 617 2318 et
628 2264 662 2318 sd
673 2265 716 2331 X,
728 2266 754 2320 8.

369 2363 437 2414 Nor.
452 2361 513 2414 108.
525 2360 614 2414 Verba
623 2373 723 2432 poetes,
734 2361 831 2433 quibus
840 2363 983 2416 Virronem
995 2363 1148 2436 alloquitur.
1159 2395 1195 2406 -
1206 2368 1285 2418 Nemo
1289 2369 1377 2434 petits
1388 2379 1413 2420 te

335 2445 405 2515 larga
418 2460 538 2508 munera,
553 2463 616 2510 quoe,
631 2455 681 2496 etc.
696 2446 789 2494 Amicis
801 2446 908 2505 modieis,
924 2457 953 2497 nt
967 2465 1017 2498 am.
1031 2449 1123 2498 vilibus
1136 2447 1205 2500 infra
1216 2466 1256 2502 vs.
1273 2451 1333 2514 146,
1346 2468 1411 2520 pau-

335 2528 453 2601 peribus,
461 2544 528 2597 qnos
537 2527 642 2576 modicos
647 2529 760 2595 pennice
770 2540 794 2577 et
800 2529 902 2594 originis
911 2528 1025 2599 appellnt
1034 2530 1098 2584 Tac.
1109 2531 1168 2582 Ann
1176 2531 1231 2596 111,
1240 2549 1291 2600 7²3
1302 2531 1357 2592 vl,
1368 2532 1410 2599 39.

371 2625 440 2676 Nor.
463 2640 523 2689 109·
538 2628 628 2674 &neca
640 2623 760 2676 similiter
768 2641 829 2676 cum
841 2626 930 2674 Pisone
942 2624 1010 2678 inter
1021 2624 1138 2697 exempla
1149 2625 1311 2679 liberalitatis
1322 2625 1411 2679 lands-

335 2718 380 2760 tur
389 2707 538 2770 aMartisli,
551 2706 622 2771 ΧΠ,
636 2706 681 2772 36,
692 2707 718 2759 8.
732 2737 768 2748 -
782 2709 849 2768 Piso,
865 2707 932 2759 iorte
946 2707 976 2760 C.
991 2705 1064 2773 Piso,
1079 2721 1171 2760 auctor
1183 2708 1372 2780 conjurationis
1385 2708 1411 2759 in
1522 2721 1523 2736 ³

335 2791 485 2855 Neronem,
497 2787 530 2842 de
541 2791 616 2858 cujus
629 2787 784 2842 liberalitate
796 2789 906 2861 aliisque
919 2788 1042 2843 laudibus
1056 2787 1117 2843 vide
1130 2791 1194 2843 Tac.
1210 2792 1280 2842 Ann.
1294 2791 1358 2856 XV,
1370 2792 1411 2856 tt,

336 2889 362 2928 et
374 2876 470 2946 Paneg.
484 2872 517 2926 ad
530 2869 618 2924 Piscis.
636 2871 739 2925 Diversi
752 2873 786 2926 ab
799 2891 830 2926 so
848 2875 906 2923 Piso
916 2873 997 2943 Frugi
1009 2873 1178 2939 Licinianus,
1190 2893 1204 2926 s
1215 2873 1299 2927 Gelbs
1312 2875 1409 2947 Imper.

336 2956 488 3028 adoptatus,
497 2967 523 3006 et
533 2970 594 3007 cum
603 2971 635 3006 eo
643 2954 745 3008 occisus
755 2957 765 3024 (
771 2953 832 3008 vide
843 2953 916 3026 Lips.
926 2967 951 3008 et
960 2955 1024 3006 Ern.
1036 2954 1069 3007 sd
1079 2955 1143 3008 Tse.
1150 2955 1219 3008 ilict.
1232 2955 1262 3022 I,
1272 2956 1331 3025 15),
1343 2969 1368 3008 et
1377 2957 1407 3010 L.

338 3037 496 3110 Calpurnius
507 3037 572 3100 Pt'so,
585 3035 677 3088 consul
689 3054 758 3089 anno
769 3036 850 3090 Urbis
861 3037 932 3103 810,
943 3055 1022 3108 quem
1032 3055 1093 3089 cum
1105 3039 1136 3091 C.
1147 3038 1243 3092 Pisone
1252 3037 1410 3092 confundere

336 3119 443 3173 videtur
455 3119 527 3190 Lips.
538 3115 572 3172 sd
581 3117 645 3172 Tac.
656 3118 725 3170 Anu.
735 3119 813 3185 XIV,
826 3127 867 3183 τά.
881 3120 951 3172 Nota
960 3133 1013 3175 set.
1026 3120 1114 3173 Schol.
1126 3120 1178 3173 boc
1189 3121 1249 3174 loco
1259 3133 1298 3174 est
1311 3141 1318 3174 :
1332 3121 1410 3174 «Piso

338 3202 508 3274 Calpurnius,
520 3201 625 3274 antiqua
637 3201 751 3268 semilis,
762 3207 866 3256 scenico
876 3203 972 3256 babitu
982 3202 1119 3273 tragedias
1130 3203 1263 3256 actitavit:
1278 3204 1306 3256 in
1316 3203 1411 3258 hnm-

337 3289 458 3342 culorum
468 3286 529 3338 lusu
538 3298 591 3338 tam
600 3287 733 3357 perlectus
743 3299 768 3340 et
777 3286 897 3353 callidus,
907 3299 938 3339 ut
948 3285 982 3339 ad
992 3304 1053 3338 eum
1064 3287 1187 3340 latentem
1195 3299 1355 3342 curreretur.
1368 3288 1409 3340 Ob

338 3369 395 3422 hese
408 3369 553 3422 insinuatus
566 3369 597 3421 C.
612 3368 723 3434 Cesari,
737 3382 844 3440 repente
857 3369 935 3422 etiam
949 3369 1077 3440 relegatus
1088 3381 1126 3422 est
1136 3395 1147 3434 ‚¹
1157 3368 1229 3441 quud
1242 3369 1408 3423 consuetudi·

338 3471 400 3506 nem
412 3452 529 3523 pristinae
541 3452 630 3505 uxoris
643 3451 762 3506 abductae
774 3453 824 3505 sibi
838 3454 872 3505 ab
886 3453 952 3524 ipso,
969 3450 1065 3504 deinde
1078 3450 1206 3516 remissie,
1219 3452 1344 3523 repetisse
1355 3451 1409 3503 exi·

338 3535 501 3588 stimabatur.
515 3534 578 3586 Mox
586 3535 636 3586 sub
647 3533 757 3587 Claudio
769 3536 912 3599 restitutus,
924 3547 950 3587 et
960 3546 1020 3606 post
1030 3535 1195 3588 consulatum
1206 3547 1322 3586 materne
1333 3534 1408 3586 bere·

339 3615 534 3682 ditsteditatus,
541 3617 812 3688 magnificentissimus
820 3619 895 3684 vixit,
904 3617 1002 3670 metitis
1011 3618 1148 3671 sublevem
1158 3619 1249 3690 inopes
1258 3637 1290 3671 ex
1299 3629 1407 3688 utroque

341 3699 434 3752 ordine
443 3700 545 3764 solitus,
555 3699 590 3751 de
598 3701 674 3770 plebe
680 3711 767 3752 sutem
775 3713 859 3752 certos
866 3700 1006 3772 quotannis
1013 3698 1047 3751 ad
1055 3712 1201 3771 equestrem
1209 3717 1317 3752 censum
1324 3697 1406 3768 digni·

341 3793 420 3835 tatem
429 3783 586 3854 provehere.
598 3807 610 3828 »
622 3782 664 3835 cf.
673 3784 781 3836 omnino
789 3785 916 3838 Wernsd.
925 3783 997 3837 Post.
1007 3783 1064 3835 Lst.
1073 3783 1139 3835 Min.
1148 3795 1211 3836 tom.
1220 3785 1304 3855 IV,p.
1314 3783 1345 3834 35
1352 3801 1404 3852 seq.

342 3891 377 3902 -
384 3867 474 3926 Bonus,
481 3874 625 3936 utpntnnt,
635 3863 677 3915 vel
683 3862 813 3929 liberalis,
823 3865 865 3915 vel
875 3862 959 3928 dives,
969 3863 1066 3930 lautus,
1075 3859 1239 3932 splendidus,
1248 3881 1287 3933 gr.
1295 3856 1382 3917 less-'e
1387 3863 1405 3912 ¹.

762 4019 991 4040 mmmmm

381 4125 389 4149 ¹
410 4121 446 4169 De
459 4093 507 4183 qni
519 4121 586 4170 vocis
599 4122 624 4170 vi
636 4121 699 4172 conf.
711 4122 809 4172 Ernesti
821 4121 881 4171 clav.
895 4122 944 4172 cte
957 4123 1035 4174 Graev.
1048 4121 1103 4171 loct.
1116 4123 1218 4174 Hesiod.
1231 4140 1253 4173 o.
1265 4127 1290 4186 6,
1298 4109 1405 4190 ιάνέη.
