3148 4990
415 461 472 527 nt
500 461 730 530 stomin
760 467 976 533 Ριιιιιιι.
1184 463 1226 554 7³

187 573 255 620 Vn.
271 574 331 622 ret.
343 575 402 634 Ira,
417 594 447 625 ιι
458 612 465 636 ,
480 595 524 638 nr,
536 594 549 626 ι
560 594 593 625 m.
603 594 642 642 pr,
654 589 678 627 et
688 580 739 628 dno
750 582 824 630 eodd.
837 599 894 631 mss.
905 584 952 631 viri
963 582 1029 631 docti
1038 582 1064 628 in
1073 582 1145 630 Misc.
1154 580 1230 629 Obsi.

154 655 209 702 erit.
219 656 276 704 Vol.
287 659 325 716 V,
337 660 368 706 T.
382 663 422 718 11,
435 679 460 725 p.
475 662 533 722 267.

190 747 258 800 Nor.
281 751 341 801 168.
354 755 417 802 inde
430 756 474 804 r'roe
485 753 513 804 in
526 765 551 806 te
563 769 588 804 et
598 758 728 819 lacrymae,
740 773 791 806 non
803 755 975 826 penitentie,
986 755 1031 807 sed
1041 753 1130 826 quales
1143 751 1229 803 essun-

155 828 194 882 dit
212 831 299 884 rabies
319 845 346 885 et
359 835 468 888 ultionis
480 836 573 890 ardens
583 837 656 901 sitie3
677 837 743 890 ech.
764 837 842 890 Poeta
860 839 973 910 respexit
993 840 1079 891 locum
1096 835 1229 898 Terentii,
1286 833 1289 838 ’
1344 816 1352 834 ’

156 910 238 965 Andr.
251 912 282 977 1,
300 931 330 976 ι,
345 931 379 981 99
393 934 400 968 :

439 1000 500 1046 Hine
510 999 555 1046 itta
566 1001 675 1048 lacrumae
682 1036 687 1046 .

156 1085 268 1151 -Erge
278 1097 355 1136 tecum
368 1088 435 1147 bec,
450 1105 510 1159 quae
520 1088 574 1142 dixi
589 1101 615 1141 et
625 1089 732 1154 monui,
746 1102 775 1143 ut
788 1109 909 1155 careres,
929 1090 1045 1163 pericula
1058 1089 1168 1142 satiricis
1178 1088 1230 1140 im-

157 1165 300 1229 minentis,
317 1167 460 1231 invidiam,
477 1169 567 1223 odium
581 1183 606 1224 et
618 1191 722 1242 poenas,
740 1177 825 1224 voluta
835 1177 904 1242 prius
920 1177 1002 1224 animo
1014 1176 1061 1241 (ut
1073 1172 1144 1244 apud
1155 1171 1230 1241 Virg.

158 1248 265 1302 AEneid.
280 1250 331 1315 lv,
346 1252 414 1318 533;
431 1253 488 1316 Vi,
505 1255 569 1316 158,
583 1255 666 1322 185),
680 1255 798 1308 solertius
816 1257 965 1330 perpende,
982 1271 1040 1308 ante
1050 1259 1136 1315 tubas,
1157 1267 1231 1306 ente·

157 1351 237 1402 qnam
249 1335 312 1386 tube
325 1336 463 1390 classicum
473 1351 598 1402 canetur,
612 1351 638 1391 et
651 1340 679 1390 in
691 1338 794 1390 bostem
805 1340 932 1410 impetum
945 1339 1024 1392 facias
1031 1376 1040 1401 ,
1056 1350 1115 1390 ante
1127 1336 1232 1388 initium

158 1420 420 1491 pugn2(utetapud
427 1421 501 1492 Virg.
513 1425 572 1474 AEn.
581 1421 637 1485 xt,
647 1427 713 1487 4²43
723 1433 748 1473 et
757 1420 820 1474 hinc
829 1423 899 1494 apud
910 1422 958 1474 sil.
966 1422 1020 1486 IX,
1032 1420 1063 1473 52
1074 1441 1082 1485 ;
1095 1418 1232 1472 claudian.

158 1496 185 1546 in
195 1499 283 1551 Rnfin.
300 1502 329 1564 1,
347 1499 414 1568 333,
431 1513 456 1554 et
469 1504 539 1557 laud.
553 1504 656 1558 Stilich.
669 1505 696 1568 Ι,
712 1505 790 1572 192),
809 1504 860 1572 hoo
871 1515 924 1569 est,
939 1517 1076 1576 antequem
1092 1501 1190 1554 scribas
1207 1511 1234 1552 et

159 1581 246 1633 satiris
259 1583 393 1656 aliquem,
406 1585 534 1658 imprimis
547 1589 738 1660 potentiorem,
754 1588 832 1641 ledae
845 1602 871 1640 et
885 1589 1052 1660 perstringas,
1069 1587 1160 1639 Poenns
1176 1585 1236 1636 illos

159 1663 329 1718 minabantur
342 1667 420 1722 etiem
434 1671 502 1742 leges
515 1672 570 1723 xil
582 1673 745 1737 tabularum,
758 1673 779 1726 si
791 1673 857 1724 maie
868 1671 1027 1726 condidisset
1040 1672 1069 1722 in
1083 1687 1162 1742 quem
1173 1667 1234 1740 quit

160 1750 295 1816 terminu
312 1751 384 1822 quod
401 1753 484 1807 facete
497 1754 681 1828 interpretetur
690 1756 781 1810 Horat.
795 1757 848 1810 Sat.
860 1758 902 1819 ΙΙ,
916 1757 983 1819 ι,“80
994 1775 1049 1827 seq.

195 1895 263 1942 Vn.
285 1899 344 1960 ιδῃ.
368 1897 431 1956 Nee,
447 1900 489 1947 58.
508 1900 566 1949 Hoee
578 1900 664 1950 anima
676 1913 734 1951 ante
745 1903 815 1951 tubas
826 1903 865 1950 vei
876 1902 956 1959 bibam
969 1901 1023 1962 elii,
1036 1911 1095 1949 teste
1106 1892 1235 1946 Ascendo.

161 1976 218 2024 Eoec
229 1979 322 2028 anim
336 1991 394 2029 ante
407 1983 490 2041 tubas,
506 1986 547 2034 66.
565 1986 624 2034 Hoee
632 1985 714 2034 anime
722 1997 780 2034 ante
787 1987 868 2034 tubam
874 2021 883 2043 ,
900 1986 930 2033 ⁵1
940 2020 948 2043 ,
962 1986 1004 2035 55.
1022 1985 1080 2031 Hoee
1088 1981 1169 2030 anime
1177 1990 1234 2027 ante

161 2059 233 2117 ἰὼ,
250 2065 293 2120 54.
311 2065 353 2111 Ex
365 2066 448 2114 antino
457 2079 514 2116 ante
523 2069 606 2126 ochas,
621 2068 677 2118 eod.
688 2071 759 2118 Alex.
774 2085 826 2118 non
839 2069 946 2134 improb.
966 2068 1029 2117 sch.
1047 2067 1120 2123 Hoec,
1135 2063 1234 2123 anime,

160 2154 217 2190 ωε
233 2147 320 2205 tubas,
345 2149 1236 2214 49,61,62,63,65,67,68,7ι,71,,78,79.Ριίιοίιιιιιι,

161 2225 205 2274 iib.
217 2230 322 2290 xviri,
337 2243 361 2279 et
374 2233 500 2297 antiquiss.
513 2235 587 2283 eodd.
598 2245 658 2283 teste
671 2235 820 2283 Meneinello
837 2246 861 2283 et
876 2235 948 2299 proh.
967 2235 1055 2297 ltigalt.
1064 2243 1101 2292 Ιιιι
1119 2240 1192 2296 poeta
1209 2244 1236 2290 se

161 2309 212 2373 ipse
223 2313 382 2378 adhortem,
397 2329 425 2365 ιιι
438 2318 505 2382 apud
517 2319 620 2382 Quintil.
634 2321 687 2379 IX,
701 2335 715 2365 n
730 2336 736 2366 :
749 2320 833 2377 Dum,
847 2319 929 2367 enine
933 2352 942 2376 ‚
956 2317 1116 2373 hodiedum,
1131 2326 1155 2362 et
1168 2311 1234 2378 tpud

163 2395 234 2444 Μ.
248 2399 351 2466 οιγηρ.
362 2405 403 2463 11,
421 2406 486 2452 ido:

474 2480 574 2560 Ἐπιχι
590 2491 626 2545 tiis
641 2487 731 2561 σιωηῒ
745 2483 833 2559 edlu,

476 2569 561 2650 ”Am
575 2576 678 2653 bops'..
689 2621 712 2637 ..

167 2673 329 2744 Ympiius
339 2697 396 2746 ergo
404 2683 491 2730 notura
503 2682 561 2732 Hoee
571 2682 654 2730 animo
663 2693 721 2730 ante
731 2683 814 2740 tubas,
829 2684 875 2740 81,
888 2682 919 2728 82
931 2692 955 2728 et
966 2681 996 2729 al.
1009 2680 1141 2728 Animam
1150 2679 1234 2736 tutas,

165 2757 207 2804 80·
223 2761 313 2809 rotata
323 2763 383 2811 Hae
394 2781 404 2811 .·
415 2763 541 2811 animante
551 2765 608 2812 tuba
617 2765 743 2829 galeatum
752 2780 805 2813 sero
816 2763 892 2812 duelli
899 2763 1012 2828 poenitet,
1028 2779 1057 2822 n,
1071 2778 1117 2820 ιο,
1132 2763 1177 2818 ι5,
1190 2763 1236 2819 16,

170 2857 213 2900 17,
225 2846 342 2905 19-28,
355 2846 476 2904 45—48,
490 2848 537 2906 5ο,
550 2847 598 2906 5ι,
609 2848 658 2907 53,
669 2847 787 2905 stt-60,
799 2847 847 2905 64,
860 2847 909 2904 65,
920 2847 966 2906 75,
979 2847 1028 2906 76,
1039 2845 1152 2892 XXXIV
1162 2842 1237 2890 eodd¹

167 2925 242 2972 reris.
254 2937 278 2973 et
292 2929 328 2974 vt
341 2929 502 2988 Hefnienses,
515 2928 583 2992 qnod
595 2929 717 2978 revocarit
728 2929 792 2978 th.
806 2940 928 2993 tamquam
942 2928 1048 2976 iiridioe
1060 2938 1085 2975 et
1097 2927 1236 2992 elegantius.

165 3007 212 3054 Sed
226 3011 346 3072 ιιιΙςιιιιιι
358 3010 413 3058 leet.
428 3009 537 3058 defendit
550 3011 636 3058 Heinr.
648 3010 689 3059 bie
701 3012 800 3060 verbis:
824 3013 974 3060 «Arrbnante
984 3012 1041 3059 tuba
1054 3011 1099 3058 etsi
1112 3011 1169 3058 setis
1182 3009 1236 3057 nni·

167 3107 233 3140 mose
247 3093 341 3144 dictum
351 3095 447 3143 censeri
460 3106 553 3160 potest,
565 3095 618 3144 baee
629 3105 710 3144 nmen
721 3096 861 3144 animositas
871 3097 898 3144 in
910 3095 1035 3158 loquendo
1047 3109 1101 3141 non
1112 3093 1169 3140 setis
1182 3093 1236 3156 ple·

165 3185 214 3235 oet,
224 3193 279 3240 qna
287 3178 392 3242 propior
401 3188 438 3225 est
447 3179 589 3227 insolentie.
599 3179 694 3228 Deinde
703 3195 764 3227 vero
775 3179 810 3226 sie
820 3177 945 3226 animante
953 3179 1019 3234 tuba,
1031 3175 1142 3240 qnaedern
1153 3175 1237 3238 disper

166 3260 312 3323 conpositio
324 3261 444 3308 orationis
455 3261 549 3321 existit,
562 3279 610 3326 qus
621 3273 699 3326 poetae
712 3263 824 3327 ingratiis
836 3262 901 3310 illius
914 3263 1007 3326 integra
1020 3261 1172 3309 concinnitas
1183 3268 1237 3306 tur·

166 3343 252 3400 batur,
265 3344 342 3404 dum,
354 3344 460 3408 ebrupts
472 3345 554 3394 enbito
567 3349 679 3395 oratione
691 3359 749 3412 post
759 3363 812 3396 voe.
825 3347 891 3404 haec,
905 3347 987 3410 priore
1004 3347 1051 3393 ista
1067 3361 1136 3409 paene
1151 3344 1236 3404 jejune

167 3425 231 3474 finnt
238 3438 340 3491 propter
352 3429 455 3476 nimiam
466 3429 581 3478 dictionis
591 3431 750 3491 brevitatem,
762 3441 787 3477 et
796 3429 896 3493 reliquis
906 3440 991 3478 oontre
1001 3429 1152 3492 sliquaepiem
1161 3427 1239 3474 abun-

166 3511 247 3558 dantis
260 3511 417 3572 obtruditur,
430 3513 512 3561 minus
523 3525 595 3578 epte:
609 3529 666 3561 narn
675 3514 788 3578 galeatus
802 3529 847 3577 per
860 3529 886 3560 ee
905 3514 987 3577 expiet
1003 3513 1060 3560 satis
1076 3512 1235 3560 sententiam:

167 3593 269 3642 aiterum
280 3611 340 3642 vero
350 3605 410 3642 ante
421 3596 504 3653 tubas,
519 3597 569 3644 soil.
583 3595 691 3655 inflatos,
704 3607 741 3646 est
752 3597 932 3660 aptissimum.»
952 3597 1043 3646 Confer
1055 3597 1150 3644 (ἶοιιιιιι.
1162 3595 1238 3640 Exa-

167 3676 273 3724 nirrsante
284 3677 414 3737 subm-11,
425 3677 497 3740 prob.
509 3678 625 3727 Scbursfl.
634 3681 703 3740 eujtrs
712 3689 771 3727 nota
779 3689 816 3727 est
824 3679 892 3726 hee:
908 3701 921 3720 a
930 3678 973 3725 Ait
982 3687 1079 3735 tinctor,
1091 3691 1168 3739 quoin
1179 3673 1237 3722 tube

165 3763 214 3822 Janr
227 3761 330 3808 militem
343 3760 429 3808 sonitu
440 3776 486 3809 eno
499 3771 592 3810 tantum
603 3778 656 3810 non
671 3763 807 3821 exanimet,
826 3778 881 3810 sero
898 3761 973 3808 nimis
993 3761 1020 3806 in
1038 3759 1129 3806 bellurn
1148 3758 1237 3806 abiisse

165 3844 283 3907 poenitet;
300 3831 328 3890 et'
337 3843 371 3891 ite
383 3859 441 3890 sane
453 3842 550 3891 videtur
560 3844 641 3892 Sebol.
652 3855 721 3894 retus
734 3846 835 3910 legisse,
849 3861 925 3908 quum
938 3844 1042 3908 explieat
1053 3841 1219 3905 metaphoram
1230 3857 1237 3888 e

164 3926 234 3974 tarde
238 3925 342 3990 poenitet
352 3924 475 3973 inditisse
484 3925 581 3983 bellum,
593 3941 665 3991 quum
669 3926 725 3990 jam
733 3942 820 3992 pugna
831 3925 968 3974 commissa.
978 3947 990 3965 n
1001 3927 1080 3973 Immo
1090 3923 1170 3973 Sobol.
1180 3924 1237 3988 legit

164 4008 289 4056 anthane
301 4009 374 4065 mbo,
389 4018 432 4056 ιιιι
442 4017 500 4054 ante
511 4008 590 4056 tubas.

198 4102 267 4158 Nor.
285 4105 346 4170 169.
358 4105 487 4154 Galeatum
496 4103 618 4168 militem,
627 4103 826 4175 ermemm,qui
834 4105 889 4175 jem
897 4105 996 4171 galeam
1007 4117 1128 4172 armaque
1139 4098 1236 4162 induit,

160 4201 186 4244 et
195 4187 320 4262 prelium
334 4186 410 4252 iniit,
425 4185 494 4239 unde
508 4185 602 4259 pedem
617 4185 714 4240 referre
727 4204 780 4238 non
790 4186 892 4258 possit:
906 4187 996 4246 duelli,
1014 4202 1124 4257 pugne,
1136 4185 1236 4251 pentes
