3058 4988
407 403 461 471 IN
484 403 718 471 SATIRAM
739 405 961 476 SEXTAM·
1159 421 1224 505 1i97

141 513 296 591 dotemque
309 519 438 592 AEgypti,
451 521 498 591 qui
507 539 557 592 per
567 520 670 573 Urbem
679 537 742 574 com
753 521 903 594 insignibus
917 523 972 576 suit
983 521 1176 596 vaticinantes,
1187 530 1227 584 ia·

141 603 236 656 rtatico
248 604 367 657 carmine
382 603 444 656 talia
458 605 567 676 populis
580 616 696 657 ventura
709 604 890 658 minabantur.
902 605 991 660 Possis
1003 609 1086 662 etiam
1100 611 1134 664 ad
1147 631 1228 685 gran-

141 687 248 742 diorem
263 687 453 744 vaticiniorum
467 689 617 742 orationem
628 689 738 742 referre.
751 689 883 742 Praeclare
892 702 982 743 autem
991 704 1018 746 et
1029 693 1115 747 lucete
1125 715 1165 750 vs.
1178 697 1229 769 517

142 773 245 836 -su,
259 770 416 842 designatur
426 783 533 824 versuta
545 770 692 842 Archigalli
703 771 886 844 similiumque
899 773 1067 829 sacerdotum
1077 780 1189 834 avaritia
1198 800 1231 836 ac

143 855 236 916 fraus,
251 855 300 927 qui
319 855 478 908 morborum
492 854 663 926 aliorumque
676 853 810 906 malorum
824 855 1025 910 imminentium
1042 871 1115 913 metu
1129 875 1233 918 terrent

143 938 352 1009 superstitiosas
363 950 479 1001 mentes,
491 935 676 1008 suadentque,
686 949 718 990 ut
726 936 771 988 ire
780 939 900 992 nominis
914 937 1039 994 sedandos
1052 961 1145 1000 caussa
1159 945 1231 1003 dona

144 1043 180 1077 ac
193 1043 305 1078 munera
316 1023 376 1087 diis,
386 1022 443 1089 vel,
451 1021 525 1096 quod
533 1019 605 1076 idem
616 1021 667 1086 sit,
677 1018 861 1074 sacerdotibus
871 1040 966 1076 eornm
977 1023 1052 1079 dent.
1064 1029 1233 1102 Religionem

145 1105 318 1162 sacerdotum
330 1107 456 1160 omnibus
468 1107 592 1177 profectu
604 1103 771 1176 temporibus
785 1104 908 1158 eamdem
920 1106 1016 1170 luisse,
1031 1123 1107 1165 notat
1119 1114 1232 1171 Babrdt.

145 1219 183 1232 -
197 1193 300 1242 Grande
313 1203 398 1252 sonat,
414 1190 505 1243 forsan
519 1187 635 1260 grandes
648 1185 705 1241 edit
719 1207 767 1241 ore
781 1207 875 1255 sonos,
894 1190 990 1262 grandi
1004 1211 1071 1247 voce
1084 1197 1234 1268 exclamat,

146 1296 224 1330 more
234 1294 390 1347 magorum,
405 1287 436 1328 ut
447 1272 520 1347 apud
534 1273 685 1328 Lucienum
695 1310 704 1338 ‚
713 1281 819 1344 Naauop.
834 1293 859 1328 c.
872 1292 905 1344 9:
917 1266 938 1328 ὁ
951 1271 980 1327 di
993 1278 1072 1351 μάγος
1086 1275 1155 1352 δᾷδα
1166 1303 1233 1336 aeto-

144 1363 220 1432 μένην
232 1361 296 1428 ἔχων
308 1362 352 1412 οὐκ
363 1361 398 1411 ἔτ’
411 1358 518 1430 ἠρεμαίᾳ
530 1363 561 1427 τῇ
572 1364 652 1427 φωνῇ,
664 1359 819 1430 παμμέγεθες
832 1355 876 1421 di,
891 1362 921 1418 ὡς
933 1352 980 1419 οἷός
990 1379 1017 1412 τι
1029 1359 1066 1426 ἦν,
1077 1363 1233 1441 ἀνακραγὼν,

146 1443 268 1516 δαίμονάς
280 1464 308 1497 τι
325 1447 384 1516 ὁμοῦ
398 1444 492 1503 πάντας
506 1440 625 1494 insistite
641 1441 684 1494 καὶ
700 1443 788 1502 Ποινὰς
803 1443 846 1496 καὶ
861 1436 986 1514 bpttttiuc,
999 1465 1023 1499 tt.
1037 1467 1060 1501 τ.
1073 1456 1096 1501 λ.
1110 1479 1146 1492 -
1159 1458 1238 1506 Maeui

137 1533 215 1598 jubet
223 1533 357 1581 adventum
366 1529 513 1597 Septembris
524 1541 548 1578 et
556 1528 659 1592 Austri,
667 1525 695 1578 b.
707 1543 732 1578 e.
743 1527 897 1593 auctumni,
907 1527 999 1600 inquo
1008 1531 1098 1584 morbi
1107 1551 1139 1586 ac
1148 1534 1236 1590 febres

146 1613 268 1684 grassari
280 1612 381 1667 solent:
395 1610 457 1664 ride
467 1609 502 1663 ad
511 1611 563 1677 Ν,
573 1607 616 1663 66.
627 1608 724 1663 Facilis
733 1607 876 1681 praedictio
885 1628 990 1672 rerum,
1001 1631 1061 1682 quaa
1069 1615 1151 1686 vulgo
1159 1601 1245 1688 liunt,¹

147 1710 177 1749 et
191 1709 255 1768 apta
270 1695 304 1750 ad
319 1693 516 1766 designandam
532 1691 678 1746 uanitatem
696 1691 818 1745 vaticinii
832 1705 860 1745 et
873 1695 1071 1766 superstitionis
1085 1699 1235 1757 stultitiam.

144 1778 203 1834 Sed
215 1779 354 1851 graviores
366 1795 475 1850 quoque
485 1776 604 1840 morbos,
618 1775 660 1829 vel
673 1774 870 1841 insolentiores,
884 1778 962 1848 eique
973 1780 1091 1843 mulieri,
1102 1801 1162 1854 quse
1175 1804 1237 1838 eum

146 1863 287 1924 consulit,
303 1860 490 1934 impendentes
502 1859 639 1913 divinasse
649 1858 803 1914 'censendus
815 1872 855 1912 est
865 1861 1042 1932 Archigallus.

187 1958 258 2011 Nor.
279 1957 340 2010 518.
362 1963 466 2009 ovorum
479 1972 545 2008 usus
561 1967 620 2008 erat
634 1955 754 2008 solennis
767 1955 796 2008 in
814 1956 1018 2010 lustrationibus
1032 1972 1059 2012 et
1074 1959 1244 2018 incantatio?

64 2053 67 2060 ’
149 2045 253 2108 nibus;
266 2041 339 2095 unde
350 2039 424 2112 apud
436 2041 548 2094 Lociao.
560 2038 593 2092 τὰ
605 2042 633 2092 ἐκ
643 2047 691 2091 τῶν
705 2043 840 2110 κιθαρσιῶν
854 2039 891 2091 itit
902 2060 958 2094 non
971 2040 1091 2109 edenda,
1104 2043 1153 2098 sed
1163 2046 1238 2101 foras

150 2124 337 2201 projicienda;
349 2123 453 2196 Grang.
467 2133 476 2160 ¹

145 2337 148 2345 ,
190 2292 258 2338 Vas.
278 2289 339 2352 519.
353 2285 554 2352 Xerampelr'rros,
574 2302 596 2346 1,
612 2295 724 2346 ro-rt,
742 2300 782 2347 17,
795 2285 909 2345 ἰδ-26,
922 2287 954 2335 ι1.
968 2287 1182 2354 Xerompellitras‚
1200 2296 1241 2342 15.

153 2373 345 2438 Xerapellt'nas‚
360 2373 403 2433 23,
414 2372 509 2432 45,6ο,
521 2371 563 2418 66.
577 2368 755 2435 Xerapels'rtat,
773 2369 818 2429 18,
833 2370 875 2431 56,
890 2371 933 2435 69.
946 2373 1127 2436 «tempestiuus,
1144 2379 1185 2436 16,
1201 2392 1241 2439 19,

152 2469 199 2516 ar.
212 2455 380 2522 Serapelirras,
396 2470 439 2514 ao,
453 2470 496 2503 or.
509 2453 703 2517 Serampelirtas,
714 2467 757 2499 aa.
769 2451 969 2516 Xylompelirros,
984 2455 1010 2504 b.
1021 2472 1042 2503 e.
1052 2467 1132 2505 vestes
1141 2457 1240 2522 xylinas

151 2561 175 2592 s.
192 2543 271 2589 lineas
285 2539 404 2603 ampelini
419 2537 523 2596 coloris,
541 2537 686 2585 adversante
698 2545 777 2584 metro
786 2537 852 2597 conj.
865 2537 976 2586 Britann.
985 2539 1040 2586 coll.
1051 2540 1115 2590 Plin.
1125 2543 1203 2600 xlx,
1219 2561 1241 2590 r.

155 2654 193 2664 ...
205 2627 304 2674 Veteres
317 2640 342 2683 r,
357 2638 398 2681 ιο,
411 2637 455 2680 rr,
468 2636 510 2680 ra,
522 2628 566 2680 ι4,
579 2619 618 2679 15,
631 2635 746 2684 19-22,
757 2620 799 2682 25,
809 2621 892 2680 26,3r
903 2637 926 2667 a.
939 2623 980 2682 48,
993 2631 1034 2686 49,
1046 2625 1160 2686 54-57,
1171 2627 1242 2690 59...
1266 2689 1269 2696 ,

155 2712 201 2768 63,
211 2707 328 2766 65-73,
343 2708 456 2767 75—77,
469 2705 517 2763 82,
529 2705 572 2764 85,
584 2713 610 2751 et
622 2704 735 2767 plerique
748 2703 828 2752 codd.
841 2704 918 2752 Paris.
934 2707 1029 2762 Vestes,
1043 2711 1082 2766 16,
1096 2725 1135 2770 17,
1149 2712 1188 2770 18,
1201 2711 1243 2772 2'3,

155 2803 201 2854 aa,
217 2808 261 2852 27,
275 2791 318 2850 28,
333 2790 375 2847 45,
390 2789 434 2848 46,
450 2797 494 2850 47,
508 2789 551 2847 50,
566 2787 607 2847 58,
622 2789 664 2846 64,
680 2797 722 2848 74.
736 2789 796 2835 Non
809 2787 871 2834 male
885 2803 891 2834 :
910 2803 968 2834 nam
983 2789 1151 2855 Archigsllum
1165 2810 1242 2844 nova·

155 2893 214 2924 rum
227 2874 320 2939 magis,
336 2887 411 2936 qoam
420 2882 531 2918 veterum
541 2869 646 2917 vestium
660 2869 735 2919 inisse
747 2871 881 2935 cupidum,
894 2871 949 2936 quis
962 2871 1076 2920 dubitet?
1089 2875 1123 2922 At
1134 2873 1160 2925 ab
1172 2891 1243 2927 uere·

153 2977 195 3008 res
209 2958 241 3006 ad
256 2956 404 3004 modestiam
419 2955 528 3018 petentis
541 2954 627 3002 referri
641 2964 730 3018 potest.
750 2981 786 2990 --
806 2953 858 3016 Illi,
872 2969 914 3012 no,
929 2963 971 3010 al..
986 2956 1122 3005 Donavers‘t
1132 2959 1186 3026 igni
1198 2963 1243 3028 (ut

152 3046 219 3102 Vll,
233 3043 275 3100 ai,
289 3039 384 3088 donare
400 3036 503 3085 Verteris
517 3035 620 3100 marito)
634 3037 739 3084 indubie
753 3036 884 3101 legendum
898 3037 1001 3102 potabat
1012 3041 1043 3088 ll.
1056 3042 1177 3093 Valesius.
1188 3047 1244 3095 Pul-

154 3141 264 3174 mannus
271 3137 371 3186 quoque
380 3130 478 3178 monet,
487 3120 521 3167 ita
532 3119 619 3183 legisse
629 3121 763 3168 Cantermn
772 3121 838 3169 Nov.
848 3123 923 3168 Lectt.
934 3124 986 3182 ΙΙΙ,
996 3125 1020 3181 6,
1030 3123 1074 3171 ubi
1084 3125 1148 3174 banc
1157 3139 1242 3177 notam

154 3211 247 3258 flustra
262 3223 365 3271 quaeres.
383 3207 420 3253 Eo
438 3215 520 3252 tamen
537 3205 658 3268 respicere
674 3203 774 3251 videtur
789 3217 848 3252 nota
864 3206 938 3252 Voss.
954 3205 985 3253 ad
1001 3207 1087 3258 Catull.
1103 3227 1158 3276 pag.
1177 3215 1241 3261 168:

153 3318 166 3337 a
175 3291 244 3342 Male
255 3291 329 3354 vulgo
338 3288 391 3337 baec
402 3288 541 3353 corrigunt,
552 3303 580 3335 ac
589 3287 611 3334 si
621 3287 699 3335 moris
710 3286 795 3336 luisset
805 3288 859 3336 istis
867 3287 971 3354 Cybeles
979 3291 1158 3355 sacerdotibus,
1165 3307 1243 3344 vestes
1320 3332 1326 3342 ,

155 3387 326 3425 matronarum
339 3371 393 3440 igni
403 3385 511 3420 cremare
521 3369 673 3417 lustrationis
682 3369 765 3434 gratia.
773 3391 785 3413 ι

193 3469 266 3521 ΝΜ·
287 3465 347 3533 5¹9·
366 3465 569 3530 Xeraml’df'loe,
582 3461 757 3533 inseparatos
769 3481 807 3516 sc.
818 3476 916 3529 vestes,
929 3483 989 3536 qua
997 3468 1113 3521 colorem
1125 3471 1243 3525 arefacto

153 3548 394 3622 (iapidpampioo
404 3547 559 3618 (ἀμπέλῳ),
572 3545 614 3598 vel
626 3545 687 3600 vitis
697 3545 762 3598 folio
773 3546 896 3610 similem,
908 3545 1029 3621 adeoque
1039 3553 1144 3622 pullum
1159 3553 1241 3622 forte,

154 3638 199 3690 rel
216 3637 382 3690 subrubrum
398 3651 430 3686 ac
444 3631 573 3705 pallidum
587 3629 674 3699 (Gall.
683 3631 880 3701 senilis-morte)
894 3633 1055 3688 referebant.
1072 3636 1139 3688 alii:
1155 3651 1242 3691 vestes

587 3802 819 3822 mmmm

197 3945 205 3970 ¹
226 3935 293 3983 Vide
304 3935 337 3982 ad
348 3931 532 3995 V‚85;iotpp.
543 3928 618 3978 ovid.
627 3929 682 3976 Art.
730 3945 762 3992 ¹9
780 3943 830 3990 seq.
847 3938 871 3974 et
890 3929 988 3994 Koenig.
1003 3929 1035 3976 ad
1052 3932 1119 3982 Pers.
1132 3934 1164 3992 V,
1185 3937 1243 3986 185.

136 4053 138 4058 ,
159 4021 220 4068 Am.
242 4018 284 4076 ll,
305 4017 374 4074 330;
397 4011 573 4061 Lalremaoberi
594 4010 681 4073 Antiq.
727 4008 791 4069 Qum
808 4021 854 4054 ova
871 4022 925 4054 non
942 4007 1004 4054 foris
1019 4011 1196 4073 projiciebant,
1216 4028 1244 4063 ut

157 4100 239 4146 rme.
249 4111 310 4144 saer.
322 4110 379 4158 pag.
390 4101 454 4153 tm
468 4091 596 4138 Brodaeum
610 4089 682 4136 Misc.
728 4101 783 4133 mos
798 4087 906 4146 serebat,
923 4085 967 4134 sed
985 4103 999 4135 e
1015 4102 1149 4154 conspectu
1165 4095 1243 4143 44444

161 4181 188 4235 Ι,
204 4179 254 4235 25;
267 4173 405 4224 Mitscherl.
417 4171 449 4220 ad
460 4173 546 4221 llorat.
558 4169 638 4235 Epotl.
650 4170 684 4230 V,
729 4168 776 4231 ipsi
786 4167 924 4216 sacerdotes
934 4168 1128 4232 manducabant,
1141 4175 1204 4224 Ach,

249 4259 278 4324 Ι.
1048 4251 1088 4316 32
