<?xml version="1.0" encoding="UTF-8"?>
<!DOCTYPE html PUBLIC "-//W3C//DTD XHTML 1.0 Transitional//EN"
    "http://www.w3.org/TR/xhtml1/DTD/xhtml1-transitional.dtd">
<html xmlns="http://www.w3.org/1999/xhtml" xml:lang="en" lang="en">
 <head>
  <title>
</title>
<meta http-equiv="Content-Type" content="text/html;charset=utf-8" />
  <meta name='ocr-system' content='tesseract 3.04.00' />
  <meta name='ocr-capabilities' content='ocr_page ocr_carea ocr_par ocr_line ocrx_word'/>
</head>
<body>
  <div class='ocr_page' id='page_1' title='image "./sexdecimsatir01lemagoog_0025.png"; bbox 0 0 3148 4990; ppageno 0'>
   <div class='ocr_carea' id='block_1_1' title="bbox 293 451 1033 534">
    <p class='ocr_par' dir='ltr' id='par_1_1' title="bbox 293 451 1033 534">
     <span class='ocr_line' id='line_1_1' title="bbox 293 451 1033 534; baseline -0.003 -14"><span class='ocrx_word' id='word_1_1' title='bbox 293 462 313 534; x_wconf 72' lang='grc'><em>4</em></span> <span class='ocrx_word' id='word_1_2' title='bbox 623 451 826 519; x_wconf 85' lang='lat' dir='ltr'>SATIRAE</span> <span class='ocrx_word' id='word_1_3' title='bbox 856 451 1033 518; x_wconf 87' lang='lat' dir='ltr'>PRIMAE</span> 
     </span>
    </p>
   </div>
   <div class='ocr_carea' id='block_1_2' title="bbox 288 567 1378 3126">
    <p class='ocr_par' dir='ltr' id='par_1_2' title="bbox 290 567 1378 1472">
     <span class='ocr_line' id='line_1_2' title="bbox 293 567 1360 644; baseline -0.002 -14"><span class='ocrx_word' id='word_1_4' title='bbox 293 567 403 630; x_wconf 85' lang='lat' dir='ltr'>tamdiu</span> <span class='ocrx_word' id='word_1_5' title='bbox 417 591 449 628; x_wconf 90' lang='lat' dir='ltr'>ac</span> <span class='ocrx_word' id='word_1_6' title='bbox 462 568 547 629; x_wconf 89' lang='lat' dir='ltr'>toties</span> <span class='ocrx_word' id='word_1_7' title='bbox 563 579 592 626; x_wconf 88' lang='lat' dir='ltr'>et</span> <span class='ocrx_word' id='word_1_8' title='bbox 609 579 760 644; x_wconf 73' lang='lat' dir='ltr'><strong>tantopere</strong></span> <span class='ocrx_word' id='word_1_9' title='bbox 779 568 921 626; x_wconf 76' lang='lat' dir='ltr'>offensum</span> <span class='ocrx_word' id='word_1_10' title='bbox 940 581 1025 644; x_wconf 86' lang='lat' dir='ltr'>atque</span> <span class='ocrx_word' id='word_1_11' title='bbox 1043 581 1193 640; x_wconf 83' lang='lat' dir='ltr'>vexatum,</span> <span class='ocrx_word' id='word_1_12' title='bbox 1212 571 1267 628; x_wconf 89' lang='lat' dir='ltr'>sihi</span> <span class='ocrx_word' id='word_1_13' title='bbox 1286 582 1360 628; x_wconf 72' lang='lat' dir='ltr'>um-</span> 
     </span>
     <span class='ocr_line' id='line_1_3' title="bbox 291 659 1361 739; baseline -0.001 -19"><span class='ocrx_word' id='word_1_14' title='bbox 291 682 394 739; x_wconf 89' lang='lat' dir='ltr'>perare</span> <span class='ocrx_word' id='word_1_15' title='bbox 407 681 467 719; x_wconf 92' lang='lat' dir='ltr'>non</span> <span class='ocrx_word' id='word_1_16' title='bbox 481 660 623 737; x_wconf 85' lang='lat' dir='ltr'>potuisse,</span> <span class='ocrx_word' id='word_1_17' title='bbox 640 679 699 734; x_wconf 90' lang='lat' dir='ltr'>quo</span> <span class='ocrx_word' id='word_1_18' title='bbox 715 659 810 716; x_wconf 90' lang='lat' dir='ltr'>minus</span> <span class='ocrx_word' id='word_1_19' title='bbox 831 659 891 734; x_wconf 89' lang='lat' dir='ltr'>ipse</span> <span class='ocrx_word' id='word_1_20' title='bbox 910 660 995 716; x_wconf 88' lang='lat' dir='ltr'>etiam</span> <span class='ocrx_word' id='word_1_21' title='bbox 1009 661 1119 734; x_wconf 84' lang='lat' dir='ltr'>aliquid</span> <span class='ocrx_word' id='word_1_22' title='bbox 1133 662 1270 719; x_wconf 81' lang='lat' dir='ltr'>scriberet</span> <span class='ocrx_word' id='word_1_23' title='bbox 1285 662 1361 719; x_wconf 88' lang='lat' dir='ltr'>reci·</span> 
     </span>
     <span class='ocr_line' id='line_1_4' title="bbox 291 750 1361 830; baseline 0 -18"><span class='ocrx_word' id='word_1_24' title='bbox 291 766 438 830; x_wconf 75' lang='lat' dir='ltr'>tenetque,</span> <span class='ocrx_word' id='word_1_25' title='bbox 457 772 515 828; x_wconf 90' lang='lat' dir='ltr'>quo</span> <span class='ocrx_word' id='word_1_26' title='bbox 529 753 627 809; x_wconf 87' lang='lat' dir='ltr'>saltem</span> <span class='ocrx_word' id='word_1_27' title='bbox 642 752 676 807; x_wconf 88' lang='lat' dir='ltr'>iis</span> <span class='ocrx_word' id='word_1_28' title='bbox 689 751 795 826; x_wconf 91' lang='lat' dir='ltr'>quibus</span> <span class='ocrx_word' id='word_1_29' title='bbox 811 770 871 807; x_wconf 90' lang='lat' dir='ltr'>non</span> <span class='ocrx_word' id='word_1_30' title='bbox 887 750 946 808; x_wconf 88' lang='lat' dir='ltr'>sine</span> <span class='ocrx_word' id='word_1_31' title='bbox 961 751 1072 828; x_wconf 78' lang='lat' dir='ltr'>ingenti</span> <span class='ocrx_word' id='word_1_32' title='bbox 1087 753 1172 810; x_wconf 78' lang='lat' dir='ltr'>taedio</span> <span class='ocrx_word' id='word_1_33' title='bbox 1188 773 1271 811; x_wconf 79' lang='lat' dir='ltr'>aures</span> <span class='ocrx_word' id='word_1_34' title='bbox 1285 773 1361 830; x_wconf 70' lang='lat' dir='ltr'>pre·</span> 
     </span>
     <span class='ocr_line' id='line_1_5' title="bbox 291 845 1359 922; baseline -0.001 -16"><span class='ocrx_word' id='word_1_35' title='bbox 291 849 404 918; x_wconf 82' lang='lat' dir='ltr'>buerit,</span> <span class='ocrx_word' id='word_1_36' title='bbox 422 857 586 922; x_wconf 80' lang='lat' dir='ltr'><strong><em>reponeret,</em></strong></span> <span class='ocrx_word' id='word_1_37' title='bbox 605 845 790 921; x_wconf 83' lang='lat' dir='ltr'>rependeret,</span> <span class='ocrx_word' id='word_1_38' title='bbox 816 864 869 920; x_wconf 85' lang='lat' dir='ltr'>par</span> <span class='ocrx_word' id='word_1_39' title='bbox 888 845 951 919; x_wconf 81' lang='lat' dir='ltr'>pari</span> <span class='ocrx_word' id='word_1_40' title='bbox 972 845 1106 916; x_wconf 81' lang='lat' dir='ltr'>referret,</span> <span class='ocrx_word' id='word_1_41' title='bbox 1128 849 1183 904; x_wconf 89' lang='lat' dir='ltr'>hoc</span> <span class='ocrx_word' id='word_1_42' title='bbox 1202 859 1263 920; x_wconf 85' lang='lat' dir='ltr'>est,</span> <span class='ocrx_word' id='word_1_43' title='bbox 1282 848 1359 905; x_wconf 88' lang='lat' dir='ltr'>idem</span> 
     </span>
     <span class='ocr_line' id='line_1_6' title="bbox 291 937 1362 1018; baseline -0.001 -20"><span class='ocrx_word' id='word_1_44' title='bbox 291 940 407 1018; x_wconf 79' lang='lat' dir='ltr'>legendi</span> <span class='ocrx_word' id='word_1_45' title='bbox 417 937 610 1013; x_wconf 87' lang='lat' dir='ltr'>audiendique</span> <span class='ocrx_word' id='word_1_46' title='bbox 623 937 769 994; x_wconf 79' lang='lat' dir='ltr'>festidium</span> <span class='ocrx_word' id='word_1_47' title='bbox 784 947 908 1006; x_wconf 87' lang='lat' dir='ltr'>crearet,</span> <span class='ocrx_word' id='word_1_48' title='bbox 924 956 961 993; x_wconf 90' lang='lat' dir='ltr'>ne</span> <span class='ocrx_word' id='word_1_49' title='bbox 976 937 1119 1012; x_wconf 75' lang='lat' dir='ltr'>petientiae</span> <span class='ocrx_word' id='word_1_50' title='bbox 1131 959 1188 996; x_wconf 74' lang='lat' dir='ltr'>sne</span> <span class='ocrx_word' id='word_1_51' title='bbox 1201 940 1233 995; x_wconf 89' lang='lat' dir='ltr'>hi</span> <span class='ocrx_word' id='word_1_52' title='bbox 1244 940 1362 1014; x_wconf 84' lang='lat' dir='ltr'>impune</span> 
     </span>
     <span class='ocr_line' id='line_1_7' title="bbox 290 1029 1362 1106; baseline -0.001 -17"><span class='ocrx_word' id='word_1_53' title='bbox 290 1033 440 1090; x_wconf 86' lang='lat' dir='ltr'>insultasse</span> <span class='ocrx_word' id='word_1_54' title='bbox 454 1031 549 1087; x_wconf 83' lang='lat' dir='ltr'>videri</span> <span class='ocrx_word' id='word_1_55' title='bbox 564 1039 697 1106; x_wconf 81' lang='lat' dir='ltr'>possent,</span> <span class='ocrx_word' id='word_1_56' title='bbox 711 1049 739 1084; x_wconf 88' lang='lat' dir='ltr'>v.</span> <span class='ocrx_word' id='word_1_57' title='bbox 757 1036 868 1100; x_wconf 69' lang='lat'>1—-143</span> <span class='ocrx_word' id='word_1_58' title='bbox 887 1039 977 1103; x_wconf 89' lang='lat' dir='ltr'>utque</span> <span class='ocrx_word' id='word_1_59' title='bbox 989 1029 1113 1104; x_wconf 79' lang='lat' dir='ltr'>aliquam</span> <span class='ocrx_word' id='word_1_60' title='bbox 1126 1041 1203 1087; x_wconf 88' lang='lat' dir='ltr'>certe</span> <span class='ocrx_word' id='word_1_61' title='bbox 1217 1029 1362 1088; x_wconf 81' lang='lat' dir='ltr'>scribendi</span> 
     </span>
     <span class='ocr_line' id='line_1_8' title="bbox 290 1119 1365 1196; baseline -0.002 -14"><span class='ocrx_word' id='word_1_62' title='bbox 290 1126 454 1182; x_wconf 78' lang='lat' dir='ltr'>inunitatem</span> <span class='ocrx_word' id='word_1_63' title='bbox 463 1122 518 1179; x_wconf 90' lang='lat' dir='ltr'>sibi</span> <span class='ocrx_word' id='word_1_64' title='bbox 527 1131 724 1196; x_wconf 80' lang='lat' dir='ltr'>compararet,</span> <span class='ocrx_word' id='word_1_65' title='bbox 737 1121 848 1176; x_wconf 79' lang='lat' dir='ltr'>scholas</span> <span class='ocrx_word' id='word_1_66' title='bbox 857 1119 927 1176; x_wconf 89' lang='lat' dir='ltr'>dicit</span> <span class='ocrx_word' id='word_1_67' title='bbox 937 1121 1188 1196; x_wconf 75' lang='lat' dir='ltr'>grammaticorum</span> <span class='ocrx_word' id='word_1_68' title='bbox 1198 1125 1365 1180; x_wconf 88' lang='lat' dir='ltr'>rhetorum-</span> 
     </span>
     <span class='ocr_line' id='line_1_9' title="bbox 292 1210 1361 1292; baseline -0.002 -19"><span class='ocrx_word' id='word_1_69' title='bbox 292 1236 379 1292; x_wconf 91' lang='lat' dir='ltr'>quea</span> <span class='ocrx_word' id='word_1_70' title='bbox 395 1234 425 1272; x_wconf 90' lang='lat' dir='ltr'>se</span> <span class='ocrx_word' id='word_1_71' title='bbox 438 1214 523 1270; x_wconf 75' lang='lat' dir='ltr'>fuisse</span> <span class='ocrx_word' id='word_1_72' title='bbox 538 1212 750 1288; x_wconf 81' lang='lat' dir='ltr'>frequentatas3</span> <span class='ocrx_word' id='word_1_73' title='bbox 771 1210 844 1266; x_wconf 86' lang='lat' dir='ltr'>nihil</span> <span class='ocrx_word' id='word_1_74' title='bbox 859 1221 954 1266; x_wconf 89' lang='lat' dir='ltr'>autem</span> <span class='ocrx_word' id='word_1_75' title='bbox 971 1211 1098 1284; x_wconf 83' lang='lat' dir='ltr'>referre,</span> <span class='ocrx_word' id='word_1_76' title='bbox 1119 1225 1218 1271; x_wconf 89' lang='lat' dir='ltr'>utrum</span> <span class='ocrx_word' id='word_1_77' title='bbox 1237 1215 1361 1272; x_wconf 84' lang='lat' dir='ltr'>aliorum</span> 
     </span>
     <span class='ocr_line' id='line_1_10' title="bbox 291 1303 1360 1381; baseline -0.002 -16"><span class='ocrx_word' id='word_1_78' title='bbox 291 1307 533 1373; x_wconf 66' lang='lat' dir='ltr'>vomitionum,</span> <span class='ocrx_word' id='word_1_79' title='bbox 547 1323 673 1380; x_wconf 87' lang='lat' dir='ltr'>qnorum</span> <span class='ocrx_word' id='word_1_80' title='bbox 684 1313 780 1360; x_wconf 85' lang='lat' dir='ltr'>tantus</span> <span class='ocrx_word' id='word_1_81' title='bbox 791 1303 828 1359; x_wconf 89' lang='lat' dir='ltr'>sit</span> <span class='ocrx_word' id='word_1_82' title='bbox 839 1321 991 1376; x_wconf 86' lang='lat' dir='ltr'>numerus,</span> <span class='ocrx_word' id='word_1_83' title='bbox 1006 1317 1039 1362; x_wconf 92' lang='lat' dir='ltr'>ut</span> <span class='ocrx_word' id='word_1_84' title='bbox 1047 1306 1155 1381; x_wconf 87' lang='lat' dir='ltr'>ubique</span> <span class='ocrx_word' id='word_1_85' title='bbox 1165 1307 1200 1364; x_wconf 89' lang='lat' dir='ltr'>iis</span> <span class='ocrx_word' id='word_1_86' title='bbox 1211 1318 1360 1378; x_wconf 86' lang='lat' dir='ltr'>occurrat,</span> 
     </span>
     <span class='ocr_line' id='line_1_11' title="bbox 291 1389 1378 1472; baseline -0.006 -16"><span class='ocrx_word' id='word_1_87' title='bbox 291 1419 328 1456; x_wconf 85' lang='lat' dir='ltr'>an</span> <span class='ocrx_word' id='word_1_88' title='bbox 342 1418 392 1456; x_wconf 87' lang='lat' dir='ltr'>sua</span> <span class='ocrx_word' id='word_1_89' title='bbox 405 1417 493 1454; x_wconf 86' lang='lat' dir='ltr'>manu</span> <span class='ocrx_word' id='word_1_90' title='bbox 504 1407 602 1472; x_wconf 84' lang='lat' dir='ltr'>pereat</span> <span class='ocrx_word' id='word_1_91' title='bbox 615 1398 728 1469; x_wconf 83' lang='lat' dir='ltr'>charta,</span> <span class='ocrx_word' id='word_1_92' title='bbox 744 1416 773 1451; x_wconf 81' lang='lat' dir='ltr'>v.</span> <span class='ocrx_word' id='word_1_93' title='bbox 789 1394 912 1454; x_wconf 79' lang='lat'>15-18.</span> <span class='ocrx_word' id='word_1_94' title='bbox 1374 1389 1378 1400; x_wconf 86' lang='lat'>&#39;</span> 
     </span>
    </p>

    <p class='ocr_par' dir='ltr' id='par_1_3' title="bbox 288 1486 1365 2488">
     <span class='ocr_line' id='line_1_12' title="bbox 331 1486 1361 1568; baseline 0.003 -20"><span class='ocrx_word' id='word_1_95' title='bbox 331 1493 368 1548; x_wconf 86' lang='lat' dir='ltr'>ln</span> <span class='ocrx_word' id='word_1_96' title='bbox 381 1492 470 1547; x_wconf 81' lang='lat' dir='ltr'>altera</span> <span class='ocrx_word' id='word_1_97' title='bbox 482 1489 573 1546; x_wconf 71' lang='lat' dir='ltr'>satire</span> <span class='ocrx_word' id='word_1_98' title='bbox 588 1498 685 1563; x_wconf 83' lang='lat' dir='ltr'>perte,</span> <span class='ocrx_word' id='word_1_99' title='bbox 698 1507 727 1543; x_wconf 87' lang='lat' dir='ltr'>v.</span> <span class='ocrx_word' id='word_1_100' title='bbox 743 1486 891 1564; x_wconf 84' lang='lat'>19—150,</span> <span class='ocrx_word' id='word_1_101' title='bbox 909 1488 1034 1546; x_wconf 83' lang='lat' dir='ltr'>rationes</span> <span class='ocrx_word' id='word_1_102' title='bbox 1048 1489 1144 1561; x_wconf 75' lang='lat' dir='ltr'>affert,</span> <span class='ocrx_word' id='word_1_103' title='bbox 1160 1511 1263 1566; x_wconf 89' lang='lat' dir='ltr'>qnare,</span> <span class='ocrx_word' id='word_1_104' title='bbox 1277 1504 1361 1568; x_wconf 80' lang='lat' dir='ltr'>rapto</span> 
     </span>
     <span class='ocr_line' id='line_1_13' title="bbox 291 1579 1362 1659; baseline 0 -17"><span class='ocrx_word' id='word_1_105' title='bbox 291 1583 450 1642; x_wconf 78' lang='lat' dir='ltr'>carminum</span> <span class='ocrx_word' id='word_1_106' title='bbox 468 1580 689 1638; x_wconf 84' lang='lat' dir='ltr'>scribendorum</span> <span class='ocrx_word' id='word_1_107' title='bbox 702 1579 840 1650; x_wconf 85' lang='lat' dir='ltr'>oonsilio,</span> <span class='ocrx_word' id='word_1_108' title='bbox 858 1579 895 1636; x_wconf 91' lang='lat' dir='ltr'>ad</span> <span class='ocrx_word' id='word_1_109' title='bbox 913 1581 1011 1638; x_wconf 83' lang='lat' dir='ltr'>satiras</span> <span class='ocrx_word' id='word_1_110' title='bbox 1031 1583 1230 1659; x_wconf 88' lang='lat' dir='ltr'>potiusquam</span> <span class='ocrx_word' id='word_1_111' title='bbox 1251 1586 1287 1642; x_wconf 77' lang='lat' dir='ltr'>ed</span> <span class='ocrx_word' id='word_1_112' title='bbox 1306 1588 1362 1643; x_wconf 83' lang='lat' dir='ltr'>alia</span> 
     </span>
     <span class='ocr_line' id='line_1_14' title="bbox 291 1671 1362 1750; baseline 0.003 -19"><span class='ocrx_word' id='word_1_113' title='bbox 291 1683 457 1750; x_wconf 86' lang='lat' dir='ltr'>poematum</span> <span class='ocrx_word' id='word_1_114' title='bbox 477 1690 582 1748; x_wconf 83' lang='lat' dir='ltr'>genera</span> <span class='ocrx_word' id='word_1_115' title='bbox 596 1671 725 1727; x_wconf 84' lang='lat' dir='ltr'>animum</span> <span class='ocrx_word' id='word_1_116' title='bbox 741 1673 920 1728; x_wconf 81' lang='lat' dir='ltr'>converterit</span> <span class='ocrx_word' id='word_1_117' title='bbox 939 1695 946 1728; x_wconf 81' lang='lat' dir='ltr'><strong><em>z</em></strong></span> <span class='ocrx_word' id='word_1_118' title='bbox 964 1683 1008 1730; x_wconf 95' lang='lat' dir='ltr'>tot</span> <span class='ocrx_word' id='word_1_119' title='bbox 1027 1675 1103 1730; x_wconf 90' lang='lat' dir='ltr'>enim</span> <span class='ocrx_word' id='word_1_120' title='bbox 1121 1684 1150 1731; x_wconf 92' lang='lat' dir='ltr'>et</span> <span class='ocrx_word' id='word_1_121' title='bbox 1169 1686 1245 1732; x_wconf 85' lang='lat' dir='ltr'>tanta</span> <span class='ocrx_word' id='word_1_122' title='bbox 1263 1680 1362 1734; x_wconf 71' lang='lat' dir='ltr'>Rome</span> 
     </span>
     <span class='ocr_line' id='line_1_15' title="bbox 291 1764 1363 1846; baseline 0.003 -22"><span class='ocrx_word' id='word_1_123' title='bbox 291 1785 369 1824; x_wconf 89' lang='lat' dir='ltr'>nuno</span> <span class='ocrx_word' id='word_1_124' title='bbox 386 1765 484 1841; x_wconf 78' lang='lat' dir='ltr'>vigere</span> <span class='ocrx_word' id='word_1_125' title='bbox 506 1764 576 1820; x_wconf 76' lang='lat' dir='ltr'>vitiu</span> <span class='ocrx_word' id='word_1_126' title='bbox 600 1783 631 1821; x_wconf 80' lang='lat' dir='ltr'>uc</span> <span class='ocrx_word' id='word_1_127' title='bbox 655 1764 775 1832; x_wconf 81' lang='lat' dir='ltr'>scelera,</span> <span class='ocrx_word' id='word_1_128' title='bbox 798 1766 879 1820; x_wconf 85' lang='lat' dir='ltr'>utin</span> <span class='ocrx_word' id='word_1_129' title='bbox 897 1766 954 1822; x_wconf 89' lang='lat' dir='ltr'>hoo</span> <span class='ocrx_word' id='word_1_130' title='bbox 973 1785 1073 1842; x_wconf 88' lang='lat' dir='ltr'>campo</span> <span class='ocrx_word' id='word_1_131' title='bbox 1095 1766 1176 1825; x_wconf 83' lang='lat' dir='ltr'>facile</span> <span class='ocrx_word' id='word_1_132' title='bbox 1199 1771 1363 1846; x_wconf 84' lang='lat' dir='ltr'>suppeditet</span> 
     </span>
     <span class='ocr_line' id='line_1_16' title="bbox 292 1858 1363 1935; baseline 0.001 -15"><span class='ocrx_word' id='word_1_133' title='bbox 292 1861 386 1920; x_wconf 86' lang='lat' dir='ltr'>omnis</span> <span class='ocrx_word' id='word_1_134' title='bbox 409 1860 525 1918; x_wconf 86' lang='lat' dir='ltr'>dicendi</span> <span class='ocrx_word' id='word_1_135' title='bbox 546 1869 714 1935; x_wconf 77' lang='lat' dir='ltr'>apparatus,</span> <span class='ocrx_word' id='word_1_136' title='bbox 740 1870 768 1916; x_wconf 91' lang='lat' dir='ltr'>et</span> <span class='ocrx_word' id='word_1_137' title='bbox 792 1858 915 1932; x_wconf 84' lang='lat' dir='ltr'>difficile</span> <span class='ocrx_word' id='word_1_138' title='bbox 936 1858 988 1930; x_wconf 86' lang='lat' dir='ltr'>sit,</span> <span class='ocrx_word' id='word_1_139' title='bbox 1010 1863 1131 1918; x_wconf 84' lang='lat' dir='ltr'>satiram</span> <span class='ocrx_word' id='word_1_140' title='bbox 1146 1882 1205 1918; x_wconf 83' lang='lat' dir='ltr'>non</span> <span class='ocrx_word' id='word_1_141' title='bbox 1222 1865 1343 1921; x_wconf 80' lang='lat' dir='ltr'>scribere</span> <span class='ocrx_word' id='word_1_142' title='bbox 1351 1886 1363 1934; x_wconf 76' lang='lat'>,-</span> 
     </span>
     <span class='ocr_line' id='line_1_17' title="bbox 293 1949 1365 2030; baseline 0.001 -19"><span class='ocrx_word' id='word_1_143' title='bbox 293 1965 401 2030; x_wconf 84' lang='lat' dir='ltr'>utqne,</span> <span class='ocrx_word' id='word_1_144' title='bbox 418 1955 446 2010; x_wconf 86' lang='lat' dir='ltr'>si</span> <span class='ocrx_word' id='word_1_145' title='bbox 459 1965 566 2009; x_wconf 83' lang='lat' dir='ltr'>natura</span> <span class='ocrx_word' id='word_1_146' title='bbox 583 1962 682 2026; x_wconf 78' lang='lat' dir='ltr'>neget,</span> <span class='ocrx_word' id='word_1_147' title='bbox 689 1949 792 2023; x_wconf 85' lang='lat' dir='ltr'>sociat</span> <span class='ocrx_word' id='word_1_148' title='bbox 805 1951 970 2026; x_wconf 75' lang='lat' dir='ltr'>indignatio</span> <span class='ocrx_word' id='word_1_149' title='bbox 983 1970 1112 2023; x_wconf 82' lang='lat' dir='ltr'>uersum,</span> <span class='ocrx_word' id='word_1_150' title='bbox 1129 1958 1365 2030; x_wconf 81' lang='lat' dir='ltr'>qualemcumque</span> 
     </span>
     <span class='ocr_line' id='line_1_18' title="bbox 288 2042 1363 2123; baseline 0.001 -20"><span class='ocrx_word' id='word_1_151' title='bbox 288 2047 397 2123; x_wconf 80' lang='lat' dir='ltr'>possit,</span> <span class='ocrx_word' id='word_1_152' title='bbox 413 2065 441 2102; x_wconf 84' lang='lat' dir='ltr'>r.</span> <span class='ocrx_word' id='word_1_153' title='bbox 458 2045 592 2119; x_wconf 80' lang='lat'>30—793</span> <span class='ocrx_word' id='word_1_154' title='bbox 610 2045 703 2100; x_wconf 91' lang='lat' dir='ltr'>multo</span> <span class='ocrx_word' id='word_1_155' title='bbox 720 2061 838 2117; x_wconf 86' lang='lat' dir='ltr'>quoqne</span> <span class='ocrx_word' id='word_1_156' title='bbox 854 2042 944 2120; x_wconf 82' lang='lat' dir='ltr'>magis</span> <span class='ocrx_word' id='word_1_157' title='bbox 963 2044 1115 2119; x_wconf 84' lang='lat' dir='ltr'>expedire,</span> <span class='ocrx_word' id='word_1_158' title='bbox 1135 2047 1195 2102; x_wconf 82' lang='lat' dir='ltr'>haec</span> <span class='ocrx_word' id='word_1_159' title='bbox 1214 2047 1363 2104; x_wconf 89' lang='lat' dir='ltr'>hominum</span> 
     </span>
     <span class='ocr_line' id='line_1_19' title="bbox 292 2135 1363 2211; baseline -0.001 -16"><span class='ocrx_word' id='word_1_160' title='bbox 292 2138 363 2195; x_wconf 77' lang='lat' dir='ltr'>vitia</span> <span class='ocrx_word' id='word_1_161' title='bbox 378 2135 490 2206; x_wconf 88' lang='lat' dir='ltr'>notari,</span> <span class='ocrx_word' id='word_1_162' title='bbox 512 2155 599 2211; x_wconf 78' lang='lat' dir='ltr'>quem</span> <span class='ocrx_word' id='word_1_163' title='bbox 621 2135 728 2211; x_wconf 84' lang='lat' dir='ltr'>exponi</span> <span class='ocrx_word' id='word_1_164' title='bbox 750 2135 866 2210; x_wconf 83' lang='lat' dir='ltr'>mythos</span> <span class='ocrx_word' id='word_1_165' title='bbox 886 2145 915 2190; x_wconf 89' lang='lat' dir='ltr'>et</span> <span class='ocrx_word' id='word_1_166' title='bbox 936 2147 1120 2210; x_wconf 80' lang='lat' dir='ltr'>argumenta,</span> <span class='ocrx_word' id='word_1_167' title='bbox 1137 2137 1197 2210; x_wconf 86' lang='lat' dir='ltr'>jam</span> <span class='ocrx_word' id='word_1_168' title='bbox 1214 2147 1363 2194; x_wconf 77' lang='lat' dir='ltr'>tractatae</span> 
     </span>
     <span class='ocr_line' id='line_1_20' title="bbox 294 2225 1364 2307; baseline 0 -19"><span class='ocrx_word' id='word_1_169' title='bbox 294 2241 339 2288; x_wconf 90' lang='lat' dir='ltr'>tot</span> <span class='ocrx_word' id='word_1_170' title='bbox 357 2230 467 2306; x_wconf 89' lang='lat' dir='ltr'>poetis,</span> <span class='ocrx_word' id='word_1_171' title='bbox 485 2239 514 2286; x_wconf 90' lang='lat' dir='ltr'>et</span> <span class='ocrx_word' id='word_1_172' title='bbox 531 2227 664 2284; x_wconf 88' lang='lat' dir='ltr'>omnihus</span> <span class='ocrx_word' id='word_1_173' title='bbox 680 2238 766 2295; x_wconf 85' lang='lat' dir='ltr'>nota,</span> <span class='ocrx_word' id='word_1_174' title='bbox 783 2246 812 2280; x_wconf 81' lang='lat' dir='ltr'>v.</span> <span class='ocrx_word' id='word_1_175' title='bbox 831 2225 867 2281; x_wconf 84' lang='lat'>52</span> <span class='ocrx_word' id='word_1_176' title='bbox 881 2245 940 2303; x_wconf 71' lang='lat' dir='ltr'>seq.</span> <span class='ocrx_word' id='word_1_177' title='bbox 954 2229 1093 2284; x_wconf 82' lang='lat' dir='ltr'>Praeterea</span> <span class='ocrx_word' id='word_1_178' title='bbox 1104 2249 1244 2286; x_wconf 88' lang='lat' dir='ltr'>summam</span> <span class='ocrx_word' id='word_1_179' title='bbox 1254 2250 1364 2307; x_wconf 92' lang='lat' dir='ltr'>propo-</span> 
     </span>
     <span class='ocr_line' id='line_1_21' title="bbox 293 2317 1364 2394; baseline 0.001 -15"><span class='ocrx_word' id='word_1_180' title='bbox 293 2322 338 2379; x_wconf 87' lang='lat' dir='ltr'>nit</span> <span class='ocrx_word' id='word_1_181' title='bbox 352 2319 497 2389; x_wconf 88' lang='lat' dir='ltr'>omnium,</span> <span class='ocrx_word' id='word_1_182' title='bbox 514 2337 577 2394; x_wconf 81' lang='lat' dir='ltr'>quse</span> <span class='ocrx_word' id='word_1_183' title='bbox 592 2317 623 2374; x_wconf 88' lang='lat' dir='ltr'>in</span> <span class='ocrx_word' id='word_1_184' title='bbox 636 2318 729 2375; x_wconf 82' lang='lat' dir='ltr'>satiris</span> <span class='ocrx_word' id='word_1_185' title='bbox 745 2317 802 2374; x_wconf 90' lang='lat' dir='ltr'>suis</span> <span class='ocrx_word' id='word_1_186' title='bbox 818 2318 953 2391; x_wconf 87' lang='lat' dir='ltr'>persequi</span> <span class='ocrx_word' id='word_1_187' title='bbox 966 2320 1044 2394; x_wconf 87' lang='lat' dir='ltr'>apud</span> <span class='ocrx_word' id='word_1_188' title='bbox 1057 2320 1184 2377; x_wconf 87' lang='lat' dir='ltr'>animum</span> <span class='ocrx_word' id='word_1_189' title='bbox 1205 2323 1364 2381; x_wconf 90' lang='lat' dir='ltr'>constitue-</span> 
     </span>
     <span class='ocr_line' id='line_1_22' title="bbox 295 2411 1234 2488; baseline 0 -18"><span class='ocrx_word' id='word_1_190' title='bbox 295 2414 351 2481; x_wconf 92' lang='lat' dir='ltr'>rit,</span> <span class='ocrx_word' id='word_1_191' title='bbox 365 2430 486 2488; x_wconf 84' lang='lat' dir='ltr'>quaeque</span> <span class='ocrx_word' id='word_1_192' title='bbox 505 2411 561 2467; x_wconf 86' lang='lat' dir='ltr'>hoc</span> <span class='ocrx_word' id='word_1_193' title='bbox 576 2429 695 2486; x_wconf 87' lang='lat' dir='ltr'>poeseos</span> <span class='ocrx_word' id='word_1_194' title='bbox 714 2427 804 2486; x_wconf 82' lang='lat' dir='ltr'>genus</span> <span class='ocrx_word' id='word_1_195' title='bbox 820 2411 1046 2484; x_wconf 86' lang='lat' dir='ltr'>complectatur,</span> <span class='ocrx_word' id='word_1_196' title='bbox 1062 2432 1090 2466; x_wconf 82' lang='lat' dir='ltr'>v.</span> <span class='ocrx_word' id='word_1_197' title='bbox 1108 2413 1234 2470; x_wconf 73' lang='lat'>81—86.</span> 
     </span>
    </p>

    <p class='ocr_par' dir='ltr' id='par_1_4' title="bbox 297 2501 1367 3126">
     <span class='ocr_line' id='line_1_23' title="bbox 336 2501 1364 2582; baseline 0 -20"><span class='ocrx_word' id='word_1_198' title='bbox 336 2509 371 2563; x_wconf 88' lang='lat' dir='ltr'>In</span> <span class='ocrx_word' id='word_1_199' title='bbox 382 2505 439 2561; x_wconf 86' lang='lat' dir='ltr'>fine</span> <span class='ocrx_word' id='word_1_200' title='bbox 451 2505 567 2561; x_wconf 86' lang='lat' dir='ltr'>demum</span> <span class='ocrx_word' id='word_1_201' title='bbox 584 2502 733 2572; x_wconf 85' lang='lat' dir='ltr'>carminis,</span> <span class='ocrx_word' id='word_1_202' title='bbox 749 2501 847 2557; x_wconf 86' lang='lat' dir='ltr'>animo</span> <span class='ocrx_word' id='word_1_203' title='bbox 862 2519 958 2557; x_wconf 86' lang='lat' dir='ltr'>seeum</span> <span class='ocrx_word' id='word_1_204' title='bbox 975 2514 1110 2577; x_wconf 79' lang='lat' dir='ltr'>reputans</span> <span class='ocrx_word' id='word_1_205' title='bbox 1125 2526 1157 2562; x_wconf 82' lang='lat' dir='ltr'>ac</span> <span class='ocrx_word' id='word_1_206' title='bbox 1173 2507 1285 2576; x_wconf 85' lang='lat' dir='ltr'>dolens,</span> <span class='ocrx_word' id='word_1_207' title='bbox 1301 2507 1364 2582; x_wconf 91' lang='lat' dir='ltr'>pri·</span> 
     </span>
     <span class='ocr_line' id='line_1_24' title="bbox 297 2593 1366 2676; baseline -0.003 -19"><span class='ocrx_word' id='word_1_208' title='bbox 297 2619 373 2657; x_wconf 85' lang='lat' dir='ltr'>scam</span> <span class='ocrx_word' id='word_1_209' title='bbox 394 2595 534 2671; x_wconf 90' lang='lat' dir='ltr'>loquendi</span> <span class='ocrx_word' id='word_1_210' title='bbox 555 2593 757 2668; x_wconf 84' lang='lat' dir='ltr'>scribendique</span> <span class='ocrx_word' id='word_1_211' title='bbox 773 2593 938 2650; x_wconf 81' lang='lat' dir='ltr'>tiberutem</span> <span class='ocrx_word' id='word_1_212' title='bbox 960 2595 1054 2667; x_wconf 90' lang='lat' dir='ltr'>poetis</span> <span class='ocrx_word' id='word_1_213' title='bbox 1075 2599 1221 2676; x_wconf 71' lang='lat' dir='ltr'>ppucisam</span> <span class='ocrx_word' id='word_1_214' title='bbox 1237 2617 1314 2670; x_wconf 84' lang='lat' dir='ltr'>esse,</span> <span class='ocrx_word' id='word_1_215' title='bbox 1337 2611 1366 2656; x_wconf 91' lang='lat' dir='ltr'>et</span> 
     </span>
     <span class='ocr_line' id='line_1_25' title="bbox 297 2683 1365 2762; baseline -0.003 -15"><span class='ocrx_word' id='word_1_216' title='bbox 297 2689 446 2759; x_wconf 83' lang='lat' dir='ltr'>homines,</span> <span class='ocrx_word' id='word_1_217' title='bbox 461 2686 512 2760; x_wconf 85' lang='lat' dir='ltr'>qui</span> <span class='ocrx_word' id='word_1_218' title='bbox 526 2686 651 2742; x_wconf 89' lang='lat' dir='ltr'>multum</span> <span class='ocrx_word' id='word_1_219' title='bbox 666 2685 836 2742; x_wconf 77' lang='lat' dir='ltr'>auctoritate</span> <span class='ocrx_word' id='word_1_220' title='bbox 852 2695 882 2739; x_wconf 91' lang='lat' dir='ltr'>et</span> <span class='ocrx_word' id='word_1_221' title='bbox 900 2683 1104 2757; x_wconf 87' lang='lat' dir='ltr'>imperatorum</span> <span class='ocrx_word' id='word_1_222' title='bbox 1126 2688 1216 2762; x_wconf 78' lang='lat' dir='ltr'>gratia</span> <span class='ocrx_word' id='word_1_223' title='bbox 1235 2692 1365 2760; x_wconf 84' lang='lat' dir='ltr'>valeant,</span> 
     </span>
     <span class='ocr_line' id='line_1_26' title="bbox 298 2775 1366 2853; baseline -0.001 -14"><span class='ocrx_word' id='word_1_224' title='bbox 298 2781 406 2838; x_wconf 88' lang='lat' dir='ltr'>nedum</span> <span class='ocrx_word' id='word_1_225' title='bbox 425 2779 501 2853; x_wconf 89' lang='lat' dir='ltr'>ipsos</span> <span class='ocrx_word' id='word_1_226' title='bbox 524 2779 661 2848; x_wconf 82' lang='lat' dir='ltr'>Caesares,</span> <span class='ocrx_word' id='word_1_227' title='bbox 681 2787 731 2832; x_wconf 91' lang='lat' dir='ltr'>aut</span> <span class='ocrx_word' id='word_1_228' title='bbox 753 2777 896 2850; x_wconf 66' lang='lat' dir='ltr'>Caesarum</span> <span class='ocrx_word' id='word_1_229' title='bbox 919 2775 1083 2848; x_wconf 85' lang='lat' dir='ltr'>ministros,</span> <span class='ocrx_word' id='word_1_230' title='bbox 1105 2797 1165 2834; x_wconf 89' lang='lat' dir='ltr'>non</span> <span class='ocrx_word' id='word_1_231' title='bbox 1188 2780 1249 2837; x_wconf 89' lang='lat' dir='ltr'>sine</span> <span class='ocrx_word' id='word_1_232' title='bbox 1268 2781 1366 2838; x_wconf 80' lang='lat' dir='ltr'>salutis</span> 
     </span>
     <span class='ocr_line' id='line_1_27' title="bbox 299 2867 1367 2950; baseline 0.001 -22"><span class='ocrx_word' id='word_1_233' title='bbox 299 2872 422 2945; x_wconf 77' lang='lat' dir='ltr'>vitaeque</span> <span class='ocrx_word' id='word_1_234' title='bbox 433 2869 564 2944; x_wconf 82' lang='lat' dir='ltr'>periculo</span> <span class='ocrx_word' id='word_1_235' title='bbox 574 2868 657 2924; x_wconf 87' lang='lat' dir='ltr'>vivos</span> <span class='ocrx_word' id='word_1_236' title='bbox 670 2867 749 2942; x_wconf 85' lang='lat' dir='ltr'>carpi</span> <span class='ocrx_word' id='word_1_237' title='bbox 764 2886 861 2950; x_wconf 79' lang='lat' dir='ltr'>posse,</span> <span class='ocrx_word' id='word_1_238' title='bbox 880 2887 910 2924; x_wconf 91' lang='lat' dir='ltr'>se</span> <span class='ocrx_word' id='word_1_239' title='bbox 927 2867 957 2923; x_wconf 90' lang='lat' dir='ltr'>in</span> <span class='ocrx_word' id='word_1_240' title='bbox 974 2870 1033 2924; x_wconf 90' lang='lat' dir='ltr'>sola</span> <span class='ocrx_word' id='word_1_241' title='bbox 1050 2881 1250 2940; x_wconf 88' lang='lat' dir='ltr'>mortuorum,</span> <span class='ocrx_word' id='word_1_242' title='bbox 1265 2883 1367 2947; x_wconf 85' lang='lat' dir='ltr'>utpote</span> 
     </span>
     <span class='ocr_line' id='line_1_28' title="bbox 301 2960 1367 3042; baseline 0.002 -22"><span class='ocrx_word' id='word_1_243' title='bbox 301 2965 424 3041; x_wconf 89' lang='lat' dir='ltr'>quinon</span> <span class='ocrx_word' id='word_1_244' title='bbox 436 2961 556 3037; x_wconf 82' lang='lat' dir='ltr'>amplius</span> <span class='ocrx_word' id='word_1_245' title='bbox 566 2962 734 3034; x_wconf 84' lang='lat' dir='ltr'>mordeant,</span> <span class='ocrx_word' id='word_1_246' title='bbox 747 2961 821 3018; x_wconf 83' lang='lat' dir='ltr'>iacta</span> <span class='ocrx_word' id='word_1_247' title='bbox 834 2971 862 3017; x_wconf 90' lang='lat' dir='ltr'>et</span> <span class='ocrx_word' id='word_1_248' title='bbox 874 2979 970 3018; x_wconf 86' lang='lat' dir='ltr'>mores</span> <span class='ocrx_word' id='word_1_249' title='bbox 983 2960 1165 3020; x_wconf 86' lang='lat' dir='ltr'>invecturum</span> <span class='ocrx_word' id='word_1_250' title='bbox 1178 2983 1237 3022; x_wconf 85' lang='lat' dir='ltr'>esse</span> <span class='ocrx_word' id='word_1_251' title='bbox 1249 2962 1367 3042; x_wconf 87' lang='lat' dir='ltr'>profite-</span> 
     </span>
     <span class='ocr_line' id='line_1_29' title="bbox 302 3053 585 3126; baseline -0.011 -14"><span class='ocrx_word' id='word_1_252' title='bbox 302 3067 406 3126; x_wconf 80' lang='lat' dir='ltr'>tur,r.</span> <span class='ocrx_word' id='word_1_253' title='bbox 422 3053 585 3124; x_wconf 82' lang='lat'><strong>150-171.</strong></span> 
     </span>
    </p>
   </div>
   <div class='ocr_carea' id='block_1_3' title="bbox 612 3508 1071 3602">
    <p class='ocr_par' dir='ltr' id='par_1_5' title="bbox 612 3508 1071 3602">
     <span class='ocr_line' id='line_1_30' title="bbox 612 3508 1071 3602; baseline 0.004 -5"><span class='ocrx_word' id='word_1_254' title='bbox 612 3508 843 3597; x_wconf 80' lang='lat' dir='ltr'><strong>SATIRAE</strong></span> <span class='ocrx_word' id='word_1_255' title='bbox 867 3514 1071 3602; x_wconf 88' lang='lat' dir='ltr'>PRIMAE</span> 
     </span>
    </p>
   </div>
   <div class='ocr_carea' id='block_1_4' title="bbox 708 3729 965 3788">
    <p class='ocr_par' dir='ltr' id='par_1_6' title="bbox 708 3729 965 3788">
     <span class='ocr_line' id='line_1_31' title="bbox 708 3729 965 3788; baseline -0.008 -2"><span class='ocrx_word' id='word_1_256' title='bbox 708 3729 965 3788; x_wconf 80' lang='lat' dir='ltr'><strong>ANALYSIS.</strong></span> 
     </span>
    </p>
   </div>
   <div class='ocr_carea' id='block_1_5' title="bbox 306 3973 1370 4239">
    <p class='ocr_par' dir='ltr' id='par_1_7' title="bbox 306 3973 1370 4239">
     <span class='ocr_line' id='line_1_32' title="bbox 346 3973 1370 4052; baseline 0.004 -22"><span class='ocrx_word' id='word_1_257' title='bbox 346 3973 438 4030; x_wconf 79' lang='lat' dir='ltr'>Satira</span> <span class='ocrx_word' id='word_1_258' title='bbox 446 3974 519 4043; x_wconf 83' lang='lat' dir='ltr'>haec,</span> <span class='ocrx_word' id='word_1_259' title='bbox 532 3973 705 4048; x_wconf 77' lang='lat' dir='ltr'>praefationis</span> <span class='ocrx_word' id='word_1_260' title='bbox 717 3973 796 4050; x_wconf 80' lang='lat' dir='ltr'>quasi</span> <span class='ocrx_word' id='word_1_261' title='bbox 808 3975 872 4030; x_wconf 87' lang='lat' dir='ltr'>loco</span> <span class='ocrx_word' id='word_1_262' title='bbox 887 3975 995 4031; x_wconf 86' lang='lat' dir='ltr'>caeteris</span> <span class='ocrx_word' id='word_1_263' title='bbox 1006 3977 1167 4052; x_wconf 74' lang='lat' dir='ltr'>praemissa,</span> <span class='ocrx_word' id='word_1_264' title='bbox 1181 3977 1245 4034; x_wconf 86' lang='lat' dir='ltr'>salis</span> <span class='ocrx_word' id='word_1_265' title='bbox 1256 3978 1370 4034; x_wconf 82' lang='lat' dir='ltr'>facetia-</span> 
     </span>
     <span class='ocr_line' id='line_1_33' title="bbox 306 4065 1370 4142; baseline 0.006 -22"><span class='ocrx_word' id='word_1_266' title='bbox 306 4065 525 4139; x_wconf 79' lang='lat' dir='ltr'>rumqueplene</span> <span class='ocrx_word' id='word_1_267' title='bbox 537 4075 592 4134; x_wconf 90' lang='lat' dir='ltr'>est,</span> <span class='ocrx_word' id='word_1_268' title='bbox 606 4076 635 4122; x_wconf 88' lang='lat' dir='ltr'>et</span> <span class='ocrx_word' id='word_1_269' title='bbox 646 4066 795 4140; x_wconf 89' lang='lat' dir='ltr'>dispositio</span> <span class='ocrx_word' id='word_1_270' title='bbox 809 4067 870 4141; x_wconf 90' lang='lat' dir='ltr'>ejus</span> <span class='ocrx_word' id='word_1_271' title='bbox 885 4069 1026 4140; x_wconf 82' lang='lat' dir='ltr'>praeclsra.</span> <span class='ocrx_word' id='word_1_272' title='bbox 1042 4069 1185 4127; x_wconf 79' lang='lat' dir='ltr'>Iuvenalis</span> <span class='ocrx_word' id='word_1_273' title='bbox 1201 4089 1253 4127; x_wconf 88' lang='lat' dir='ltr'>nos</span> <span class='ocrx_word' id='word_1_274' title='bbox 1269 4070 1370 4142; x_wconf 88' lang='lat' dir='ltr'>docet,</span> 
     </span>
     <span class='ocr_line' id='line_1_34' title="bbox 307 4157 1370 4239; baseline 0.008 -26"><span class='ocrx_word' id='word_1_275' title='bbox 307 4174 397 4233; x_wconf 82' lang='lat' dir='ltr'>quare</span> <span class='ocrx_word' id='word_1_276' title='bbox 417 4167 446 4214; x_wconf 91' lang='lat' dir='ltr'>et</span> <span class='ocrx_word' id='word_1_277' title='bbox 467 4157 610 4230; x_wconf 87' lang='lat' dir='ltr'>scribere,</span> <span class='ocrx_word' id='word_1_278' title='bbox 633 4168 662 4215; x_wconf 90' lang='lat' dir='ltr'>et</span> <span class='ocrx_word' id='word_1_279' title='bbox 683 4158 782 4216; x_wconf 81' lang='lat' dir='ltr'>satirus</span> <span class='ocrx_word' id='word_1_280' title='bbox 800 4160 980 4235; x_wconf 87' lang='lat' dir='ltr'>potissimum</span> <span class='ocrx_word' id='word_1_281' title='bbox 1002 4163 1128 4222; x_wconf 86' lang='lat' dir='ltr'>seribere</span> <span class='ocrx_word' id='word_1_282' title='bbox 1147 4162 1224 4239; x_wconf 83' lang='lat' dir='ltr'>apud</span> <span class='ocrx_word' id='word_1_283' title='bbox 1244 4163 1370 4220; x_wconf 81' lang='lat' dir='ltr'>animum</span> 
     </span>
    </p>
   </div>
   <div class='ocr_carea' id='block_1_6' title="bbox 0 0 1586 4990">
    <p class='ocr_par' dir='ltr' id='par_1_8' title="bbox 0 0 1586 4990">
     <span class='ocr_line' id='line_1_35' title="bbox 0 0 1586 4990; baseline 0 0"><span class='ocrx_word' id='word_1_284' title='bbox 0 0 1586 4990; x_wconf 95' lang='lat' dir='ltr'> </span> 
     </span>
    </p>
   </div>
  </div>
 </body>
</html>
