3130 4986
478 475 663 544 SATIRA
690 477 891 544 TERTIA.
1160 483 1217 547 163

149 585 328 660 Interdum
347 604 383 658 et
399 589 491 658 serra
507 590 637 660 subitas
654 606 820 683 grassator
836 592 905 685 agit
921 617 1009 678 rem,
1166 609 1216 663 305

151 701 287 765 Armato
304 699 439 792 quoties
456 713 535 768 tutae
553 699 691 768 custode
709 715 869 770 tenentur

154 809 194 876 Et
209 808 393 900 Pomptina
411 806 522 903 palus,
540 822 576 876 et
590 807 772 878 Gallinaria
789 810 896 902 pinus.

156 915 207 984 Sic
225 915 307 983 inde
324 916 392 984 huc
409 940 543 1001 omnes,
560 931 729 1010 tamquam
746 917 788 985 ad
804 920 947 1005 vivaria,
965 939 1115 992 currunt.

156 1025 230 1112 era
243 1023 384 1093 fornace
401 1050 535 1120 graves,
553 1049 620 1118 qua
637 1051 705 1094 non
722 1026 844 1094 incude
864 1029 1011 1100 catenae?

159 1135 326 1224 Maximus
345 1136 379 1202 in
398 1133 516 1204 vinclis
533 1133 614 1203 ferri
631 1135 768 1220 modus,
786 1152 826 1220 ut
842 1138 978 1234 timeas,
996 1167 1038 1233 ne
1170 1161 1220 1215 310

158 1246 285 1314 Vomer
304 1244 455 1330 deficiat,
472 1270 514 1314 ne
529 1269 646 1314 marrae
664 1260 699 1313 et
715 1244 844 1317 sarcula
858 1245 978 1319 desint.

161 1355 286 1424 Pelices
302 1379 506 1449 proavorum
522 1369 654 1440 atavos,
672 1352 781 1422 felicia
797 1352 886 1423 dicas

159 1462 302 1548 Secula,
320 1487 395 1556 quae
411 1462 581 1555 quondam
598 1462 660 1530 sub
676 1462 812 1555 regibus
826 1477 927 1556 atque
944 1465 1086 1536 tribunis

162 1571 331 1640 Viderunt
350 1595 418 1638 uno
434 1585 628 1640 contentam
645 1594 779 1639 carcere
796 1570 953 1642 Romam!

207 1709 224 1743 e
236 1679 300 1746 llis
315 1678 393 1746 alias
411 1693 580 1773 poteram,
596 1695 631 1747 et
648 1678 760 1772 plures
778 1679 977 1752 subnectere
995 1708 1136 1754 caussas:
1175 1701 1224 1752 315

162 1789 225 1857 Sed
239 1789 395 1881 jumenta
410 1803 549 1874 vocant,
567 1804 601 1858 et
616 1788 665 1856 sol
682 1788 819 1859 inclinat
836 1817 843 1858 :
862 1791 1010 1860 eundum
1029 1811 1088 1863 est.

164 1899 247 1966 Nam
264 1897 350 1964 mihi
369 1911 536 1965 commota
549 1898 617 1989 jam
637 1897 765 1966 dudum
782 1899 889 1967 mulio
905 1901 998 1994 virga

165 2005 299 2074 Adnuit.
319 2007 411 2100 Ergo
426 2005 500 2073 vale
517 2006 623 2074 nostri
641 2031 785 2093 memor,
804 2023 854 2093 et,
873 2012 1007 2103 quoties
1024 2026 1056 2078 te

165 2117 269 2182 Roma
286 2129 345 2181 tuo
363 2113 456 2182 refici
473 2131 711 2209 properantem
729 2115 847 2186 reddet
867 2119 1019 2212 Aquino,

164 2352 286 2408 tabernae
294 2370 395 2407 ornnes
406 2353 519 2420 clausae,
528 2362 557 2407 et
569 2351 668 2409 ferreis
680 2355 786 2411 catenis
796 2356 913 2411 munitae
922 2356 1048 2412 fuerunt.
1058 2359 1118 2414 Nec
1128 2359 1230 2415 desunt
1307 2337 1312 2345 .

164 2443 317 2517 aliquando
327 2443 471 2518 repentini
479 2455 651 2518 grassatores
661 2445 712 2519 qui
720 2447 821 2522 gladiis
833 2449 863 2502 in
871 2448 989 2504 miseros
998 2449 1128 2520 saeviant,
1141 2470 1230 2525 quum

166 2536 280 2611 paludes
290 2535 466 2608 Pomptinae,
486 2545 516 2590 et
532 2537 610 2611 sylva
625 2537 780 2593 Gallinaria
796 2539 888 2594 multo
904 2538 994 2596 milite
1010 2542 1229 2610 custodiuntur,

167 2649 222 2704 quo
230 2628 277 2696 fir,
289 2641 323 2684 ut
332 2627 400 2683 inde
412 2629 517 2684 exclusi
528 2631 653 2685 latrones
665 2631 787 2684 Romam
798 2629 948 2700 advolent,
960 2642 1095 2706 tanquam
1106 2632 1143 2688 ad
1155 2633 1231 2688 viva-

167 2721 237 2776 rium
249 2719 414 2794 quoddam,
429 2719 459 2774 in
472 2739 530 2794 quo
542 2731 667 2793 paratam
681 2721 808 2794 praedam
822 2740 854 2776 ac
868 2722 977 2777 facilem
991 2722 1144 2779 invenient.
1159 2727 1229 2795 Quae
1303 2783 1305 2788 ,

166 2815 279 2884 lomax,
291 2831 421 2887 quaenam
436 2811 515 2867 incus
527 2825 663 2886 occupata
676 2832 736 2869 non
748 2813 830 2869 estin
842 2813 947 2869 catenis
959 2813 1150 2870 fabricandis?
1165 2817 1231 2871 Illa-

166 2923 228 2960 rum
242 2915 320 2958 tanta
332 2911 376 2958 est
385 2900 556 2968 multitudo,
571 2912 604 2957 ut
615 2903 684 2958 l'erri
697 2903 819 2958 maxima
834 2904 916 2978 copia
928 2915 1114 2960 consumatur
1128 2906 1156 2960 in
1169 2907 1230 2962 rin-

166 2997 233 3052 culis
252 2991 452 3062 conficiendis;
471 2992 633 3066 meritoque
651 2993 688 3048 sit
707 2994 886 3062 timendum,
905 3013 941 3050 ne
961 3015 1021 3052 non
1042 3009 1173 3071 suppetat
1192 2998 1230 3053 ad

167 3105 314 3154 vomeres,
334 3102 441 3139 marran
453 3095 482 3139 et
495 3085 603 3139 sarcula
617 3083 803 3142 conficienda.
820 3087 892 3155 Quis
906 3106 966 3142 non
983 3089 1118 3162 praedicat
1130 3091 1229 3146 beatos

165 3179 306 3251 majorum
319 3186 487 3231 nostrorum
499 3194 584 3246 avos,
600 3188 629 3232 et
642 3177 788 3233 fortunata
799 3179 848 3234 illa
861 3181 960 3235 Romae
975 3190 1122 3254 tempora,
1141 3200 1230 3255 quum

166 3289 243 3346 regas
256 3287 288 3324 ac
301 3267 412 3323 tribuni
425 3284 523 3322 rerum
536 3269 714 3342 potirentur,
737 3289 869 3344 unusque
887 3271 1029 3328 sceleratis
1048 3271 1229 3327 continendis

166 3381 262 3419 career
275 3361 350 3416 urbe
362 3369 423 3414 tota
434 3357 597 3442 sufficqret?

204 3453 272 3510 315.
281 3454 428 3508 assevero
437 3451 489 3506 ista
497 3451 676 3525 potissimum
686 3451 877 3526 impulerunt,
885 3463 918 3507 ut
924 3453 1016 3508 Roma
1025 3452 1229 3528 demigrarem,

167 3548 269 3622 quibus
280 3544 334 3600 alia
342 3541 467 3616 plurima
478 3561 590 3617 possem
598 3543 722 3612 addere3
737 3542 803 3611 sed,
814 3552 848 3596 nt
855 3542 1019 3614 absolvam,
1032 3555 1152 3600 monent
1163 3545 1230 3618 equi

166 3659 196 3696 ac
214 3639 285 3695 marli
304 3636 422 3692 sarcinis
434 3636 541 3692 nostris
556 3635 669 3704 onusti,
689 3646 749 3690 tum
763 3635 806 3690 sol
818 3633 851 3688 in
865 3652 996 3688 occasum
1007 3636 1119 3710 vergit,
1141 3646 1231 3707 utque

167 3731 194 3786 in
207 3734 283 3787 viam
295 3748 349 3785 nos
362 3728 480 3795 demus,
496 3725 636 3803 significat
647 3725 728 3801 virga
750 3737 794 3781 ter
811 3724 915 3800 agitata
932 3726 1030 3782 mulio.
1043 3729 1113 3782 Vale
1127 3727 1229 3801 igitur,

167 3821 368 3886 milnvenalis‚
381 3838 474 3893 neque
483 3820 540 3876 mei
549 3831 577 3875 te
586 3819 644 3875 ulla
653 3819 747 3892 capiat
758 3818 881 3886 oblivio,
895 3817 985 3872 immo
994 3819 1123 3892 quoties,
1138 3821 1229 3875 Roma

168 3914 281 3981 relicta,
302 3911 424 3985 patriam
443 3921 522 3965 tuam
539 3911 687 3984 Aquinum
705 3922 800 3984 petes,
818 3909 924 3964 virium
946 3908 1183 3980 reficiendarum,
1203 3924 1232 3967 et
1315 3943 1317 3950 ι

167 4003 312 4077 captandas
324 4000 469 4058 liberioris
482 4019 557 4056 anrae
573 4019 686 4069 caussa,
707 4000 750 4056 fac
769 4019 815 4057 me
833 4017 950 4074 quoqne
966 4018 1087 4056 arcessas
1105 4001 1142 4056 ab
1158 4003 1232 4058 urbe'

168 4096 310 4164 Cumana,
333 4111 393 4166 quo
408 4092 467 4166 jam
479 4111 588 4167 pergo,
608 4103 642 4148 ut
660 4091 769 4165 Aquini
783 4103 878 4147 tecum
891 4091 1004 4147 Cereris
1020 4092 1165 4162 Helvinae,
1183 4105 1234 4149 ant
1345 4107 1351 4125 ³

168 4185 271 4256 Diana,
287 4203 375 4260 quana
389 4183 545 4258 Aquinates
560 4183 672 4254 colitis,
690 4201 768 4240 sacra
781 4176 931 4239 celebrem.
954 4183 1048 4240 Arelli
1062 4202 1107 4240 me
1118 4186 1155 4239 ab
1168 4186 1231 4240 loco

1027 4297 1075 4337 ιι.
