3130 4986
320 448 384 526 154
592 397 1109 514 n.1uu11111vnnaa1s

316 560 513 630 Debuerant
528 560 608 629 olim
627 576 746 629 tenues
762 561 920 656 migrasse
935 557 1099 649 Quirites.

316 671 417 740 Haud
434 669 530 740 facile
548 687 744 766 emergunt,
761 697 907 766 quorum
923 672 1104 740 virtutibus
1120 671 1229 740 obstat

318 786 384 850 Res
400 798 540 877 angusta
558 782 668 869 domi;
689 783 746 851 sed
763 787 879 852 Romae
896 782 1012 850 durior
1026 781 1090 851 illis
1338 792 1387 846 1⁶5

316 894 465 960 Conatus
480 916 489 959 ε
507 916 630 986 magno
646 892 829 987 hospitium
846 890 1053 978 miserabile,
1069 915 1192 985 magno

316 1005 498 1072 Servorum
515 1020 668 1090 ventres,
685 1019 719 1072 et
734 1003 825 1099 frugi
844 1001 974 1071 coenula
988 1027 1120 1097 magno.

317 1112 491 1182 Fictilibus
509 1139 642 1182 coenare
659 1112 780 1209 pudet,
797 1112 888 1206 quod
905 1126 1003 1207 turpe
1020 1112 1157 1207 negavit

316 1221 509 1290 Translatus
526 1222 635 1312 subito
651 1222 694 1291 ad
710 1224 859 1308 Marsos,
874 1246 1090 1315 mensamque
1106 1219 1288 1304 Sabellam,

316 1334 572 1427 Contentusque
591 1332 659 1402 illic
675 1348 798 1401 veneto
814 1333 968 1428 duroque
985 1332 1128 1404 cucullo.
1338 1363 1387 1418 17⁰

365 1471 382 1506 tc
396 1445 475 1510 Pars
491 1467 613 1538 magna
628 1442 731 1512 Italiae
748 1458 815 1528 est,
832 1443 859 1510 si
876 1467 993 1512 verum
1011 1443 1233 1527 admittimus,
1250 1441 1284 1509 in
1301 1463 1367 1534 qua

317 1553 428 1622 Nemo
445 1567 557 1646 togam
574 1552 691 1637 sumit,
708 1552 772 1620 nisi
788 1566 949 1619 mortuus.
968 1554 1046 1644 lpsa
1062 1550 1193 1619 dierum

317 1663 493 1728 Festorum
511 1661 654 1730 herboso
672 1660 793 1729 colitur
809 1660 836 1728 si
854 1662 988 1755 quando
1005 1662 1137 1730 theatro

318 1771 494 1863 Majestas‚
512 1770 714 1864 tandemque
730 1769 819 1838 redit
833 1770 875 1839 ad
893 1771 1022 1866 pulpita
1039 1786 1158 1840 notum

317 1879 501 1965 Euodium‚
518 1906 622 1974 quum
640 1905 791 1974 personae
809 1879 961 1973 pallentis
978 1880 1105 1948 hiatum
1340 1892 1388 1962 ¹7⁵

318 1991 360 2056 In
377 1989 505 2084 gremio
521 1991 635 2058 matris
651 1989 810 2058 formidat
827 1989 968 2058 rusticus
985 1988 1114 2074 infans;

315 2098 477 2192 AEquales
493 2099 626 2169 habitus
642 2099 731 2184 illic,
748 2097 937 2192 similesque
955 2098 1085 2166 videbis

317 2339 355 2394 ab
366 2339 510 2395 AEdilibus
521 2339 706 2396 admittitur?
717 2339 841 2396 Fecisset
851 2338 995 2412 sapienter
1008 2359 1040 2396 ae
1050 2340 1143 2414 probe
1153 2339 1280 2395 Romana
1291 2335 1387 2411 plebs,

318 2448 423 2504 quum,
433 2428 556 2485 divitum
567 2429 766 2505 impotentiam
779 2431 905 2506 fugiens,
917 2451 1006 2487 uuum
1018 2432 1048 2486 in
1059 2450 1162 2508 agmen
1172 2430 1303 2498 collecta,
1318 2427 1388 2484 olim

317 2521 391 2578 urbs
411 2521 509 2591 cessit,
530 2521 572 2589 si,
592 2541 739 2596 nunquam
758 2524 881 2578 Romam
894 2523 1038 2592 reditura,
1058 2523 1089 2578 in
1108 2522 1175 2578 alias
1190 2534 1278 2578 terras
1294 2519 1386 2576 demi-

317 2624 435 2689 grasset.
455 2611 568 2681 Quibus
580 2612 681 2687 exigua
694 2631 738 2668 res
752 2612 898 2666 familiaris
911 2625 967 2682 est,
987 2615 1053 2669 licet
1066 2612 1177 2668 eximiis
1188 2611 1304 2668 dotibus
1318 2631 1390 2686 prae-

319 2706 375 2763 diti
394 2707 466 2776 sint,
491 2705 534 2760 illi
556 2723 571 2760 e
592 2705 718 2763 tenebris
740 2716 769 2762 et
791 2705 952 2762 humilitate
974 2705 1053 2782 vulgi
1071 2705 1108 2762 ad
1129 2706 1274 2762 honorum
1296 2706 1389 2760 lucem

319 2807 349 2854 et
361 2796 513 2854 hominum
524 2796 627 2852 lamam
638 2815 712 2872 aegre
723 2798 875 2873 assurgunt
889 2817 895 2852 :
910 2797 1015 2872 idque,
1026 2797 1083 2853 illis
1095 2796 1265 2854 conantibus
1275 2799 1392 2864 Romae,

196 2887 199 2902 ⁸
319 2911 406 2974 quam
417 2892 487 2948 alibi
497 2891 621 2966 uspiam,
636 2889 781 2948 difficilius
792 2903 849 2947 est:
861 2911 965 2967 magno
977 2891 1053 2948 enirn
1063 2892 1157 2967 pretio
1166 2902 1278 2949 coastat
1287 2889 1391 2946 domus

255 3005 257 3012 ’
320 2984 513 3054 conductitia,
528 3002 616 3058 eaque
627 2994 747 3058 angusta
756 2995 785 3040 et
797 2983 943 3054 inornata3
957 3003 1063 3060 magno
1074 2982 1150 3040 servi
1162 2983 1274 3053 alendi;
1286 3001 1391 3058 magno

319 3095 433 3145 mensa,
451 3075 634 3152 quantumvis
652 3075 689 3132 sit
704 3075 822 3152 frugalis
839 3087 868 3131 et
877 3076 985 3150 jejuna.
997 3077 1080 3135 Adde
1095 3077 1176 3152 quod
1192 3088 1276 3150 turpe
1289 3087 1391 3150 putant

319 3168 363 3226 uti
382 3168 456 3224 vasis
471 3167 616 3224 fictilibus.
636 3169 726 3237 Quod
744 3168 919 3242 probrosum
940 3180 1034 3226 tamen
1053 3187 1112 3226 esse
1132 3189 1191 3225 non
1213 3169 1322 3226 censuit
1341 3169 1390 3224 ille

322 3258 427 3318 Curius
439 3259 475 3316 ab
489 3261 581 3316 Roma
597 3269 715 3334 repente
734 3261 771 3316 ad
787 3260 894 3316 bellum
910 3259 1013 3316 Marsis
1029 3271 1058 3316 et
1074 3260 1249 3317 Samnitibus
1264 3260 1392 3316 inseren-

320 3351 392 3408 dum
408 3361 541 3420 vocatus,
558 3370 682 3425 quorum
699 3351 730 3406 in
750 3351 869 3427 regione
885 3371 970 3427 parce
986 3371 1018 3408 ac
1034 3352 1146 3408 duriter
1160 3351 1345 3420 vescebatur,
1364 3362 1392 3408 et

320 3454 407 3518 caput
423 3443 537 3519 tegebat
552 3444 666 3500 cucullo
681 3444 796 3500 caerulei
810 3445 916 3502 coloris
930 3456 959 3502 et
973 3445 1059 3502 crassi
1072 3442 1123 3500 fili.

365 3554 430 3608 ¹71·
438 3534 600 3606 «Profecto,
608 3535 632 3592 si
637 3553 738 3590 verum
749 3535 833 3592 fateri
839 3539 983 3608 volumus,
992 3535 1154 3593 minoribns
1161 3534 1295 3611 impensis
1306 3553 1392 3608 quam

322 3629 438 3698 Roma,
452 3626 562 3683 viviuar
576 3626 606 3682 in
616 3646 719 3703 magna
730 3628 818 3684 ltaliae
833 3640 931 3703 parte,
945 3629 997 3685 ubi
1008 3648 1093 3686 nemo
1107 3639 1173 3704 toga
1184 3627 1323 3696 induitur,
1337 3626 1393 3682 uisi

322 3741 413 3796 quum
426 3721 505 3777 obita
517 3732 611 3777 morte
620 3721 658 3777 ad
669 3739 774 3796 rogum
785 3721 914 3778 effertur.
929 3721 1017 3791 Quod
1028 3722 1052 3778 si
1062 3722 1099 3778 ad
1111 3720 1298 3778 celebrandos
1306 3720 1392 3794 paulo

321 3811 551 3890 magnificentius
564 3813 624 3870 dies
638 3812 741 3883 festos,
754 3812 914 3870 exstruitur
924 3813 1080 3888 aliquando
1089 3815 1232 3870 theatrum
1244 3831 1259 3868 e
1272 3809 1392 3886 cespite,

321 3905 420 3979 inquo
432 3905 529 3980 aliqua
541 3905 671 3961 obsoleta
679 3904 775 3961 fabula
786 3924 851 3961 curn
859 3905 978 3962 vetustis
987 3906 1152 3976 cantilenis,
1166 3915 1333 3962 recurrente
1342 3904 1393 3960 de·

323 4016 404 4054 mum
417 4016 510 4070 anno,
525 3997 680 4054 exhibetur
692 4017 727 4054 ex
739 3997 863 4075 editiore
878 3999 962 4069 loco,
980 4017 1166 4074 personaque
1182 3996 1268 4054 larvis
1281 3995 1394 4070 pallidis

325 4101 356 4147 et
370 4090 447 4146 rictu
462 4091 582 4148 diducto
597 4091 743 4148 hiantibus
755 4091 895 4162 inductae,
914 4102 1022 4150 metum
1045 4091 1171 4167 puerulis
1185 4088 1344 4165 agrestibus
1363 4087 1394 4144 in

324 4195 448 4244 matrum
460 4185 570 4261 gremio
578 4185 744 4243 sedentibus
752 4185 910 4258 incutiunt,
923 4195 992 4244 tunc
999 4186 1098 4243 eadem
1107 4183 1202 4242 induti
1208 4193 1286 4240 veste
1294 4199 1394 4239 omnes
