3134 4990
173 469 1242 492 mmmmmfflmmmfflmmmmfflm

328 699 645 820 SATIRA
687 700 1090 824 SEPTIMA.

635 1022 793 1036 -qus——u

171 1309 236 1408 Er
255 1363 332 1433 spes
346 1355 381 1408 et
398 1341 484 1409 ratio
501 1343 693 1413 studiorum
710 1347 745 1413 in
762 1349 894 1416 Caesare
912 1359 1062 1413 tautum:

171 1447 272 1518 Solus
284 1451 375 1520 enim
390 1452 501 1523 tristes
518 1455 582 1523 hac
599 1471 799 1552 tempestate
815 1459 981 1526 Camenas

172 1562 350 1656 Respexit,
365 1588 471 1658 quum
484 1565 555 1658 jam
573 1564 722 1636 celebres
737 1567 877 1662 uotique
893 1581 1003 1662 poetae

171 1669 372 1740 Balneolum
389 1673 520 1759 Gabiis,
538 1677 655 1744 Romee
671 1676 864 1746 conducere
879 1676 999 1744 furnos

172 1781 381 1870 Tentarent;
399 1808 463 1854 nec
478 1783 606 1854 foedum
620 1785 695 1872 alii,
713 1811 777 1858 nec
795 1803 897 1883 turpe
914 1803 1075 1882 putarent
1234 1801 1251 1854 t

172 1891 352 1961 Praecones
368 1891 458 1982 fieri,
475 1918 598 1990 quunn
616 1897 757 1966 desertis
770 1899 966 1993 Aganippes
1090 1897 1093 1908 ’

173 1999 338 2088 vallibus,
352 2004 505 2075 esuriens
519 2008 681 2101 migraret
696 2009 733 2076 in
747 2010 833 2077 atria
846 2008 933 2078 Clio.

173 2111 264 2181 Nam
281 2113 308 2182 si
324 2114 434 2184 Pieria
452 2116 622 2211 quadrans
638 2118 699 2187 tibi
715 2117 828 2187 nullus
844 2119 880 2186 in
899 2117 1020 2185 umbra

176 2223 397 2312 Ostendatur,
412 2251 504 2296 ames
518 2251 645 2296 nomen
662 2229 859 2324 victumque
876 2228 1074 2315 Macbaerae3

174 2335 221 2402 Et
236 2335 362 2404 vendas
377 2338 506 2430 potius,
526 2339 704 2407 commissa
719 2341 812 2434 quod
828 2340 940 2408 auctio
958 2337 1078 2407 vendit
1220 2371 1253 2406 ιο
1280 2387 1283 2396 .

176 2444 363 2533 Stantibus,
381 2447 625 2541 oenophorum,
643 2449 808 2543 tripodaS,
826 2449 985 2535 armaria,
1003 2447 1118 2532 cistas,

446 2651 559 2690 ⁵11⁸le
574 2653 710 2691 SEP'HM
727 2653 986 2693 lausannensem.

219 2810 245 2846 1.
263 2793 337 2848 Vrar
357 2789 462 2849 litteris
479 2793 569 2851 dediti
589 2795 700 2852 nullam
717 2795 826 2852 habent
843 2813 925 2870 spem
944 2793 1077 2852 utilitatis
1098 2791 1219 2867 aliuajus
1241 2814 1258 2852 a

176 2883 238 2939 suis
253 2883 403 2940 laboribus
417 2885 580 2959 capiendae,
593 2887 716 2957 nullam,
733 2907 787 2944 cur
802 2886 1020 2944 incumbentia
1035 2885 1144 2956 studia,
1162 2887 1256 2943 ratio-

176 2993 264 3046 nem,
282 2974 338 3032 uisi
357 2975 388 3032 in
406 2976 592 3051 imperatoris
611 2978 814 3035 benevolentia
829 2988 858 3036 et
872 2979 1046 3037 liberalitate
1062 2978 1155 3035 sitam.
1172 2979 1259 3035 Unus

177 3067 256 3124 euim
267 3067 316 3124 ille
331 3070 449 3140 Musas,
465 3070 521 3126 hac
536 3081 619 3126 aetate
631 3082 813 3147 contemptas
824 3074 996 3144 miseratus,
1011 3091 1112 3130 earum
1125 3071 1259 3147 inopiam

177 3178 213 3217 ac
224 3159 412 3218 solitudinem
428 3161 607 3230 sublevavit,
625 3182 716 3238 quum
730 3163 957 3243 jamgciarissimi
972 3175 1066 3240 poetae
1077 3163 1260 3222 meditaren-

176 3266 227 3312 tur
237 3254 307 3312 dare
316 3273 436 3334 operam
442 3297 453 3325 ,
469 3267 549 3313 certa
562 3255 697 3314 mercede
706 3267 807 3332 pacta,
823 3258 1022 3316 calefaciendis
1036 3261 1138 3315 Romae
1149 3257 1260 3328 saunis,

180 3357 233 3405 aut
245 3359 337 3406 artem
354 3349 564 3406 balneatoriam
576 3351 678 3408 Gabiis
689 3370 839 3424 exercere3
851 3371 945 3428 quum
955 3351 1005 3409 alii
1015 3371 1203 3428 nequaquam
1212 3351 1260 3412 in-

179 3441 303 3518 dignum
318 3453 469 3520 putarent,
487 3445 512 3501 si
530 3441 635 3503 fierent
651 3464 815 3521 praecones3
831 3465 923 3521 Qum
934 3447 997 3523 ipsa
1008 3447 1089 3518 Clio,
1104 3446 1181 3503 fame
1193 3455 1262 3521 pre-

179 3547 294 3606 mente,
306 3553 450 3608 amoenas,
466 3536 573 3612 quibus
584 3535 650 3594 loos
660 3536 815 3613 Aganippe
827 3537 966 3614 cingitur,
976 3539 1065 3596 valles
1077 3536 1259 3611 relinquere,

181 3641 211 3686 et
224 3630 257 3685 in
270 3627 396 3686 divitum
406 3629 511 3687 domos
528 3630 658 3687 urbanas
676 3631 808 3706 recipere
823 3649 854 3687 sc
869 3640 1035 3707 cogeretur.
1055 3631 1094 3687 Et
1103 3647 1176 3686 vero
1187 3628 1213 3686 si
1223 3647 1261 3686 ex

180 3722 330 3799 improbo,
343 3741 430 3798 quern
441 3723 473 3780 in
485 3722 590 3780 litteris
598 3724 720 3780 collocas
732 3723 842 3793 labore,
854 3721 908 3780 sub
919 3723 1026 3780 umbra
1036 3722 1146 3780 montis
1156 3720 1261 3792 Pierii,

180 3833 219 3872 ne
235 3816 383 3875 teruncius
394 3815 514 3893 quidem
530 3815 585 3872 tibi
599 3816 676 3874 redit
689 3817 720 3873 iu
734 3833 921 3889 crumenam,
935 3816 1010 3892 quid
1023 3815 1140 3874 dubites
1151 3832 1261 3872 nomen

180 3909 260 3965 iuter
271 3927 437 3985 praecones,
454 3921 490 3966 ut
501 3909 660 3986 Machaerae,
674 3909 823 3986 profiteri,
840 3921 870 3969 et
886 3911 991 3969 eodem
1005 3923 1094 3986 atque
1108 3911 1156 3968 ille
1169 3909 1262 3966 modo

182 4012 326 4076 quaestum
341 4002 457 4060 facere?
475 4005 594 4060 Praetat
613 4022 681 4062 sane
696 4006 893 4063 circumstanti
906 4007 1019 4082 populo
1036 4023 1070 4062 ea
1083 4003 1261 4078 divendere,

181 4113 247 4173 que
258 4097 394 4154 auctione
405 4096 563 4155 constituta
573 4097 662 4155 vendi
671 4101 774 4170 solent,
785 4098 897 4174 vinaria
907 4117 987 4171 vasa,
999 4095 1140 4174 tripodas,
1150 4113 1262 4172 capsas,

182 4187 323 4262 armaria,
331 4188 440 4263 libros,
448 4191 620 4268 tragoediam
628 4209 692 4269 quae
699 4194 830 4270 Alcyone
837 4191 1102 4264 vocatur,aPaccio
1109 4191 1263 4266 scriptam,
