3134 4990
405 467 456 534 1a
480 430 708 532 samaia
730 461 1010 528 sarmatan.
1174 455 1234 527 aaa

177 574 420 644 =DicitJureualis,
432 579 593 634 cauuislicoa
600 597 655 632 non
664 579 792 650 majorem
803 577 921 632 fructura
932 575 1028 630 laboris
1037 574 1079 628 sui
1089 573 1236 647 percipere,

177 675 233 711 non
246 678 304 716 esse
316 660 457 716 divitiores
471 663 557 735 poetis
573 675 600 716 et
613 661 763 723 historicis,
779 671 912 731 negatque
928 671 982 712 tum
998 659 1132 712 lucrosum
1145 675 1238 711 eurum

177 759 236 795 ease
247 745 379 810 officium,
391 765 472 818 quam
485 749 533 815 ipsi
536 747 651 818 jactant,
661 743 834 807 mentiuntur,
844 745 890 794 ssd
897 755 946 793 twa
952 744 1090 810 precipue,
1101 759 1175 810 quum
1185 759 1236 792 cre·

177 826 244 878 dior
253 831 335 890 audie,
349 829 391 883 vel
404 847 487 900 quum
501 827 667 900 argentarius
677 825 734 895 (ita
746 826 845 898 optime
860 827 913 896 jam
923 838 999 878 vetus
1010 825 1110 894 schol.)
1122 822 1238 876 debitam

177 909 320 976 pecuniam
330 911 445 976 (dubium
457 929 560 972 nomeu,
575 908 648 982 quod
662 909 773 962 fortasse
783 908 850 962 solvi
861 925 917 960 nou
926 910 1034 979 potest)
1048 907 1082 960 ah
1094 905 1144 958 illia
1156 903 1242 975 exigit

178 1001 205 1042 et
214 1009 267 1043 esua
276 997 370 1061 grandi
377 995 461 1046 codice
468 994 571 1066 accepti
581 1007 609 1048 et
617 991 727 1065 expensi
737 990 772 1044 ad
782 992 843 1045 illos
852 993 936 1054 uenit,
947 992 1045 1064 quihus
1056 1010 1110 1045 uuu
1123 1001 1183 1043 tuto
1194 1005 1241 1060 pe·

178 1075 258 1128 cunia
267 1075 370 1131 credita
380 1075 495 1130 videtur.
505 1077 591 1132 Taxat
605 1075 687 1148 igitur
695 1075 834 1129 iuvenalis
842 1074 1103 1148 grandiloqueutiam
1114 1070 1240 1128 caussidi·

177 1173 286 1222 corum,
301 1176 355 1228 quo
366 1170 480 1212 utuntur
488 1177 579 1213 coram
592 1157 768 1213 creditoribus
782 1159 851 1225 suis,
862 1176 946 1230 quum
956 1172 1045 1212 tamen
1054 1158 1100 1210 vix
1111 1157 1163 1210 illis
1174 1173 1241 1228 pru·

178 1251 230 1292 stet
239 1257 332 1294 eorum
339 1241 468 1307 officium,
475 1256 527 1296 ute
535 1253 691 1314 paupertate
698 1260 833 1314 emergere
839 1243 950 1314 possint.
960 1242 1058 1308 Quare
1067 1239 1241 1296 creditoribus

178 1323 281 1386 fumum
292 1323 408 1378 vendere
423 1337 565 1396 coguntur,
583 1337 614 1378 ut
626 1324 702 1378 fama
716 1326 855 1379 cousulant
868 1345 934 1393 ause,
949 1338 974 1379 et
987 1325 1041 1378 siut
1052 1363 1060 1390 ,
1073 1325 1121 1397 qui
1133 1323 1241 1378 credero

177 1407 314 1460 volunt-
320 1407 449 1479 Equidem
456 1407 521 1463 huic
528 1405 742 1479 interpretationi
751 1427 806 1461 nou
816 1408 949 1463 assentior
955 1409 1145 1480 vulgaremque
1155 1406 1240 1459 malo:

176 1491 263 1561 major
270 1489 342 1542 euim
351 1489 395 1543 hic
404 1501 444 1544 est
453 1502 538 1563 poeta
547 1491 689 1562 emphasis,
699 1509 779 1564 quam
789 1502 818 1544 ut
827 1489 862 1544 ad
867 1490 1022 1563 jactantiam
1031 1488 1243 1543 caussidicorum

178 1589 267 1626 coram
278 1571 454 1627 creditoribus
470 1574 525 1628 suis
541 1575 635 1628 referri
650 1575 744 1646 possit.
768 1579 863 1642 Magna
876 1587 966 1624 sonant
976 1583 1037 1625 aute
1046 1569 1164 1644 judices,
1183 1587 1243 1623 eos·

179 1674 231 1727 quc
242 1656 358 1710 stimulat
370 1657 507 1728 presentie
521 1657 636 1720 clientis3
649 1657 694 1729 qui
710 1677 742 1710 eu
754 1657 842 1712 acrior
857 1667 909 1719 est,
922 1641 1000 1727 quud
1009 1656 1083 1708 venit
1094 1658 1132 1706 ad
1142 1656 1242 1706 dubium

180 1757 276 1792 nomen.
295 1739 373 1792 Tunc
391 1751 534 1810 patrunus,
553 1741 587 1793 ab
606 1759 639 1793 eo
659 1739 797 1806 incitatus,
817 1737 987 1793 mendacium
1004 1737 1088 1810 spirat
1108 1735 1243 1789 immensis

180 1820 294 1876 follibus.
303 1821 359 1876 Nec
371 1835 459 1877 tamen
468 1841 591 1894 maguam
599 1823 660 1876 iude
671 1840 782 1890 messem
791 1821 901 1893 colligit.
911 1821 962 1873 En.

215 1955 281 2016 Vas.
305 1983 362 2031 rop.
375 1968 498 2018 Plathnsr.
506 1968 604 2017 emend.
614 1967 638 2016 si
646 1966 723 2034 tetigit
730 1968 807 2024 latus,
818 1965 961 2022 admonuit,
970 1973 1107 2029 uttuugers
1115 1959 1196 2009 cubitu
1204 1977 1243 2026 ap.

180 2049 274 2109 (ἶσοι,
283 2049 364 2102 acrior
375 2050 417 2100 ille
426 2052 477 2100 scil.
486 2051 657 2116 pragmaticus,
665 2051 856 2099 mussidicounn
865 2047 935 2112 quasi
943 2046 1051 2111 porticus
1060 2053 1084 2092 et
1092 2053 1226 2110 suggestor.

213 2139 282 2194 Nor.
303 2159 361 2194 ιιι.
381 2143 511 2197 preclare
526 2142 559 2197 de
573 2143 673 2196 rabulis
688 2159 834 2214 eorumque
848 2138 1037 2201 fraudulentia,
1055 2138 1168 2192 clamosa
1182 2155 1244 2191 ora·

178 2222 251 2276 tione
262 2235 289 2276 et
302 2223 475 2295 impudentia.
490 2225 569 2278 Conf.
581 2225 651 2280 Pers.
662 2231 696 2291 V,
710 2244 743 2278 ro
756 2243 811 2296 seq.
822 2236 865 2289 et,
877 2241 957 2295 quem
971 2235 998 2275 et
1009 2220 1053 2276 hic
1063 2235 1154 2276 noster
1163 2232 1245 2292 poeta

179 2305 296 2358 imitatus
305 2316 359 2369 ast,
368 2307 462 2357 Horat.
470 2305 525 2358 Sat.
539 2309 570 2370 I,
582 2310 610 2369 f,
627 2323 657 2373 ¹9
667 2321 722 2377 seq.
733 2335 768 2346 -
779 2307 868 2371 Folles,
880 2305 927 2376 qui
939 2321 1030 2356 auram
1042 2303 1175 2375 recipiunt
1183 2301 1244 2356 red·

179 2385 314 2459 duntque,
325 2385 411 2438 donec
423 2385 561 2456 liquefiant
573 2388 696 2449 metalla,
710 2405 765 2438 nou
779 2398 833 2438 tam
845 2385 879 2438 ad
893 2404 923 2437 os
935 2385 977 2437 vel
993 2386 1089 2437 buccas
1098 2383 1244 2449 referendi,

179 2487 262 2542 qurum
272 2467 361 2540 potius
371 2467 405 2520 ad
415 2469 569 2538 pulmones,
583 2468 658 2520 vocis
667 2485 699 2520 ac
711 2468 893 2538 respirationis
904 2467 1095 2533 iustrumenta,
1110 2485 1176 2540 quos
1189 2469 1244 2520 Aa·

178 2551 301 2623 gustiuus
311 2548 345 2602 de
356 2548 414 2602 civ.
425 2549 491 2614 Dei,
505 2549 581 2614 XIV,
597 2553 642 2612 aa,
660 2546 727 2602 dicit
735 2548 771 2602 ad
784 2567 878 2602 rocem
887 2548 1072 2613 emitteudm,
1084 2567 1130 2603 seu
1141 2548 1244 2603 modili-

178 2634 293 2690 candam
304 2633 407 2702 valere,
418 2633 487 2687 sicut
499 2633 573 2686 folles
584 2633 733 2698 fabrorum,
741 2633 784 2687 vel
793 2650 965 2705 organorum.

215 2782 281 2830 Van.
301 2795 359 2829 tra.
372 2784 471 2843 Verum,
479 2781 573 2840 co,65.
584 2780 642 2829 Non
651 2781 727 2828 malel
738 2780 791 2843 Ipsi
799 2795 892 2845 magna
902 2790 1004 2828 souaat.
1015 2813 1021 2826 .
1032 2795 1132 2827 mamm
1140 2777 1244 2842 deprau-

180 2865 237 2914 dere
248 2880 359 2922 messem,
372 2873 417 2912 etc.
428 2863 472 2912 sed
481 2863 564 2914 nullus
577 2864 635 2913 inde
646 2863 678 2912 ad
691 2881 734 2914 eos
747 2866 838 2914 fructus
851 2863 980 2914 redundat.
990 2864 1024 2912 At
1032 2879 1119 2912 ‘ueram
1127 2865 1245 2926 maiorem

180 2949 254 2998 hahet
263 2949 321 2997 rim.
334 2974 370 2985 -
382 2945 583 3011 Depreheudsn,
600 2963 642 3008 ra,
657 2949 697 2998 15.

199 3055 203 3066 ·
216 3041 283 3096 Nor.
305 3059 364 3095 rra.
386 3044 527 3110 Compuiaer
536 3041 613 3108 sinus,
623 3061 678 3095 uon
691 3041 769 3094 unius
783 3041 925 3095 rabuluah
934 3042 1035 3106 altero,
1047 3038 1094 3094 sed
1104 3041 1245 3096 caussidici

180 3123 296 3190 fervide,
310 3125 353 3178 vel
362 3143 459 3196 magna
469 3125 600 3179 orationis
611 3125 797 3190 contentione,
807 3123 973 3178 vehementia
981 3142 1012 3177 ac
1021 3123 1172 3191 celeritate,
1186 3143 1245 3196 per-

181 3207 290 3262 orantis.
299 3206 437 3278 Thsophr.
446 3207 481 3261 ad
493 3203 631 3279 hagspsiac
643 3205 721 3260 Char.
731 3225 755 3258 c.
769 3223 817 3273 19,
829 3205 913 3259 refert
926 3205 968 3258 aei
978 3204 1132 3275 ἀπορῥίπτιιν
1141 3205 1190 3258 ἀπὸ
1201 3213 1243 3259 τοῦ

180 3291 312 3360 στόματος,
324 3289 409 3344 scilic.
420 3290 459 3342 τὸν
470 3289 558 3355 σίαλον,
570 3289 656 3352 unde,
673 3288 747 3362 quud
757 3289 795 3342 ihi
805 3289 919 3343 Casanh.
934 3307 967 3342 ex
983 3288 1098 3358 Hesych.
1110 3302 1137 3342 et
1151 3289 1241 3342 Schul.
1335 3333 1340 3345 .

181 3373 317 3446 Aristoph.
330 3373 445 3428 Aebura.
457 3374 507 3438 lv,
522 3393 550 3444 7,
563 3375 685 3440 notavit,
698 3373 808 3440 Σιᾶλοχοι
819 3372 885 3428 dicti
900 3373 922 3424 ui
936 3371 1113 3441 προσραίνοντις
1126 3371 1206 3424 σίαλον
1220 3373 1243 3424 ἂν

181 3463 215 3526 τῷ
224 3452 451 3528 προσδιαλίγωθαι,
465 3469 492 3510 et
504 3455 614 3511 Athenis
626 3456 801 3511 Antimachus
811 3455 922 3528 quidam
932 3453 1017 3514 Ψωιὰς
1026 3454 1243 3524 cognominatus,

181 3540 401 3612 quiacpcoippaat
414 3540 466 3600 τοὺς
476 3547 654 3610 casamariam
666 3537 842 3613 διιλιγόμινος.
854 3549 863 3576 ¹
877 3571 911 3580 -
923 3547 1012 3590 Verum
1025 3540 1048 3589 εἰ
1059 3540 1128 3598 libet,
1142 3538 1243 3608 placet,

599 3721 828 3743 mmm

216 3871 226 3896 ¹
245 3863 390 3913 Plathnerus
402 3863 454 3911 huo
470 3863 608 3914 adnotavit:
624 3885 636 3906 ι
647 3865 693 3932 8ἰῇ
730 3862 869 3912 Tertulldc
879 3862 945 3912 Idol.
954 3860 1051 3909 Minuc.
1059 3859 1240 3920 Felix,Aruoh.

179 3959 241 3992 uum
256 3941 391 3992 oaussidicu
408 3944 513 4008 conspui
532 3943 637 3990 arbitrus·
654 3943 687 3990 ab
730 3940 1239 4002 v111‚esc1·udnn.1v,cons.}10sor.

179 4023 343 4086 antagonista,
359 4021 427 4085 quod
444 4038 544 4072 summ
559 4032 685 4070 coutume-
731 4025 760 4070 Et
770 4023 885 4084 frequens
896 4037 955 4069 sans
964 4020 1016 4068 hnc
1025 4021 1179 4083 computatio
1188 4037 1241 4069 non

178 4101 362 4150 lieesssnsmo
373 4100 480 4164 ignorat,
494 4101 562 4150 uude
571 4101 685 4165 despuere
730 4111 823 4150 tantum
849 4101 968 4150 flumenis
999 4099 1078 4165 (vids
1102 4099 1184 4148 Barth.
1208 4101 1239 4147 ad
1269 4159 1274 4168 ¹

179 4195 250 4239 amr,
274 4182 346 4238 deos,
369 4178 486 4236 limares,
505 4196 582 4228 asum
601 4180 685 4228 dixere
729 4180 815 4230 Claud.
828 4183 875 4230 loc.
887 4179 960 4244 cit),
976 4180 1021 4228 sed
1034 4177 1241 4229 aiulcurtis
