3056 4984
336 380 400 470 372
607 379 649 444 n.
677 379 814 445 suun
842 377 1122 447 ruvuusnrs

332 499 378 566 Et
390 494 505 581 cedit,
519 493 627 562 donec
639 489 730 560 lassis
743 492 947 562 cedentibus
961 496 1042 564 EXI

333 607 472 674 Intonet
485 600 710 688 horrendum,
722 601 793 694 jam
806 601 997 696 cognitione
1014 617 1159 698 peracta.
1348 617 1396 680 stt

380 712 586 784 Praefectura
600 712 719 781 domus
733 711 845 780 Sicula
858 735 927 780 non
942 713 1055 782 mitior
1067 713 1152 783 aula.

331 827 420 896 Nam
435 825 463 892 si
477 822 668 907 constituit,
683 819 848 914 solitoque
863 819 1040 892 decentius
1051 837 1146 918 optat

330 933 474 1021 Ornari,
488 948 523 1002 et
536 945 713 1038 properat,
725 930 862 1024 jamque
876 946 1089 1025 exspectatur
1102 934 1137 1001 in
1150 932 1274 1020 hortis,

329 1046 399 1114 Aut
414 1041 504 1137 apud
518 1041 632 1109 Isiacae
647 1039 758 1132 potius
772 1037 914 1107 sacraria
929 1037 1029 1127 lenae;

328 1152 487 1248 Disponit
503 1150 630 1220 crinem
647 1147 798 1217 laceratis
813 1147 884 1241 ipsa
898 1147 1024 1242 capillis
1345 1169 1394 1231 ⁴9⁰

327 1262 430 1336 Nuda
442 1263 585 1331 humero
599 1261 718 1328 Psecas
732 1255 865 1345 infelix,
881 1259 1048 1353 nudisque
1062 1258 1225 1329 mamillis.

327 1373 438 1444 Altior
452 1372 509 1442 hic
524 1393 628 1464 quare
643 1366 840 1438 cincinnus?
854 1383 969 1440 taurea
982 1369 1081 1462 punit

326 1483 498 1556 Continuo
513 1479 591 1549 flexi
606 1479 734 1549 crimen
749 1477 947 1572 facinusque
961 1476 1081 1572 capilli.

326 1595 419 1684 Quid
434 1584 554 1664 Psecas
566 1587 719 1660 admisit?
732 1611 886 1684 quaenam
899 1603 949 1659 est
963 1589 1020 1660 hic
1033 1587 1132 1686 culpa
1143 1589 1283 1685 puelle,

326 1705 362 1774 si
375 1703 436 1772 tibi
450 1699 621 1795 displicuit
632 1723 731 1768 nasus
746 1695 972 1767 tuus?Altera
986 1695 1106 1768 levum
1345 1713 1393 1781 ⁴9⁵

326 1811 504 1898 Extendit,
520 1811 691 1904 pectitque
708 1831 838 1894 comas,
854 1822 889 1876 et
903 1807 1010 1878 volvit
1025 1809 1061 1877 in
1076 1809 1203 1880 orbem.

327 1925 388 1992 Est
401 1922 436 1989 in
450 1918 591 2004 consilio
602 1933 775 2004 matrona,
790 1915 991 2010 admotaque
1005 1913 1090 1984 lanis

327 2029 477 2100 Emerita
492 2053 567 2122 quae
583 2042 690 2098 cessat
705 2049 767 2094 acu
783 2025 971 2094 :sententia
987 2025 1096 2118 prima

327 2139 440 2236 Hujus
453 2138 536 2227 erit;
552 2137 731 2233 posthanc
746 2149 843 2204 etate
858 2148 958 2227 atque
974 2148 1046 2202 arte
1061 2133 1207 2204 minores

326 2356 421 2414 tiones
431 2355 612 2432 recognoscit
624 2374 639 2410 :¹
647 2373 700 2412 nec
713 2354 822 2411 caedere
836 2364 931 2410 tamen
943 2364 1049 2422 cessat,
1065 2354 1157 2411 donec
1169 2351 1330 2430 defatigatis
1340 2373 1392 2410 αι-

328 2447 426 2506 dendo
440 2447 571 2519 lorariis,
585 2445 665 2521 quasi
680 2457 920 2522 perrenorum,
937 2457 966 2502 et
980 2446 1113 2502 absoluto
1124 2445 1254 2520 judicio,
1276 2447 1391 2505 immani

327 2549 401 2600 vo'ce
414 2541 547 2598 intonat:
565 2539 636 2610 Ati,
650 2538 786 2610 furcifer,
800 2539 920 2594 facesse!

372 2633 438 2701 486.
456 2633 529 2703 Quis
541 2617 614 2687 barti
627 2631 762 2701 domum,
776 2630 823 2686 cui
835 2629 977 2686 talleborc
988 2639 1030 2685 est
1041 2629 1207 2705 preposita,
1220 2629 1393 2702 Phalaridis,

329 2725 433 2783 Siciliae
447 2725 561 2802 tyranni
569 2711 779 2793 crudelissimi,
799 2722 876 2797 regia
889 2720 1034 2778 mitiorem
1053 2721 1157 2796 patet?
1173 2721 1204 2778 Si
1221 2721 1351 2778 condixit
1362 2723 1393 2780 iu

329 2817 454 2892 aliquem
465 2817 580 2887 locum,
596 2815 622 2872 si
633 2814 790 2891 elegantius
800 2813 887 2870 solito
898 2812 1035 2869 adornari
1046 2811 1140 2887 cupit,
1159 2821 1193 2867 ut
1206 2829 1255 2868 eos
1270 2831 1393 2889 propere

329 2910 498 2979 conveniat,
514 2909 565 2984 qni
581 2907 772 2982 opperiuntur
786 2905 876 2980 ipsam
891 2905 921 2959 in
936 2905 1058 2980 publicis
1071 2905 1177 2974 hortis,
1192 2916 1242 2960 aut
1254 2907 1350 2980 potius
1364 2908 1393 2964 iu

329 2999 413 3057 Isidis
432 3001 504 3056 lenae
524 2999 648 3073 templo;
672 2997 768 3054 stetim
788 2996 884 3064 adest,
907 2995 1025 3071 ejusque
1044 3015 1154 3052 comam
1170 2996 1278 3072 digerit
1297 3000 1392 3056 Psecas

329 3091 450 3162 ancilla,
465 3090 582 3160 infelix,
598 3088 726 3146 laceratis
739 3089 799 3163 ipse
812 3087 953 3156 crinibus,
967 3085 1137 3160 nudatisque
1150 3087 1277 3143 humeris
1290 3099 1319 3144 et
1332 3109 1392 3145 ma-

328 3181 416 3239 millis
431 3182 471 3238 ob
482 3192 591 3238 vestem
603 3200 619 3235 a
633 3180 749 3236 domina
762 3179 915 3236 ducissam.
932 3181 992 3235 Cur
1004 3178 1057 3236 iste
1069 3177 1161 3235 cirrus
1172 3179 1292 3235 nimium
1304 3199 1394 3238 assur-

328 3273 394 3350 git?
417 3271 513 3348 inquit
532 3273 602 3328 hera
620 3272 772 3347 impotens.
799 3274 860 3328 Nec
883 3289 984 3336 mora;
1009 3269 1128 3326 taurinis
1143 3271 1240 3328 nervis
1255 3273 1394 3328 laceretur

328 3365 448 3436 ancilla,
461 3375 490 3421 et
504 3363 612 3421 crimen
629 3364 795 3438 facietisque
805 3362 948 3438 peccantis
958 3380 1046 3418 comae
1057 3362 1120 3418 luit.
1137 3363 1216 3432 Quid
1229 3381 1300 3420 vero
1314 3383 1394 3420 com-

328 3459 436 3516 meruit
448 3457 548 3514 infelix
561 3458 671 3532 puella,
694 3466 743 3511 aut
760 3455 840 3529 cujus
856 3465 898 3512 est
914 3473 961 3510 rea
977 3454 1105 3525 sceleris,
1123 3455 1148 3510 si
1171 3466 1200 3512 te
1219 3475 1289 3512 naso
1310 3457 1393 3513 inve-

327 3563 441 3608 nustam
456 3567 516 3608 esse
532 3549 632 3606 doles?
650 3568 719 3606 naso
733 3559 785 3606 tuo
799 3547 896 3622 potius
911 3546 1051 3614 irascare,
1068 3565 1101 3602 ac
1116 3557 1166 3604 tuo
1181 3548 1295 3619 vultui,
1313 3548 1391 3621 cnjus

328 3642 539 3700 deformitatem
561 3642 641 3697 nulla
662 3641 730 3698 satis
753 3627 903 3697 comarum
924 3639 1062 3715 elegantia
1086 3639 1291 3713 compensabit.
1317 3643 1391 3696 Dum

328 3735 479 3792 Psecadem
496 3733 616 3808 imporat
632 3732 753 3802 laniari,
769 3732 859 3788 altera
874 3732 969 3805 puella
983 3730 1125 3787 sinistram
1141 3731 1240 3806 capitis
1260 3743 1290 3788 et
1303 3733 1391 3806 capil-

327 3828 424 3884 lorum
439 3837 549 3902 partem
564 3824 701 3900 explicat,
715 3823 821 3899 pectit,
836 3822 867 3878 in
877 3822 972 3878 varios
983 3824 1103 3879 annulos
1116 3821 1222 3894 flectit;
1239 3824 1390 3881 adhibetur

328 3917 360 3974 in
369 3918 519 3975 eonsilium
531 3915 632 3974 ancilla
646 3915 775 3991 quaedem
786 3916 895 3985 senior,
911 3933 973 3991 que
985 3915 1053 3972 olim
1066 3915 1103 3971 ad
1114 3917 1330 3992 componendos
1340 3936 1389 3973 acu

328 4007 429 4064 crinali
448 4009 565 4083 capillos
584 4007 730 4076 adhibita,
752 4019 782 4064 et
805 4007 980 4065 vacationem
1001 4007 1085 4082 hujus
1107 4009 1244 4066 laboriosi
1266 4009 1389 4065 muueris

328 4099 447 4176 adepte,
466 4099 622 4158 lanificium
642 4111 765 4158 exercet.
789 4102 856 4160 Haec
871 4104 1039 4160 seutentiam
1058 4101 1095 4160 de
1116 4100 1215 4177 capitis
1236 4111 1340 4158 ornatu
1359 4110 1387 4155 et
