3108 4986
320 453 381 516 230
483 449 688 518 SATIRAE
710 449 932 533 QUARTAE
955 452 1218 518 ANALYSIS.

319 568 397 637 Quas
407 584 497 641 nugas
507 575 594 641 poeta
604 565 675 620 dicit
685 564 818 638 Principe
830 566 947 640 quidem
961 567 1094 644 indignas
1106 586 1179 638 esse,
1193 577 1222 626 et
1232 565 1383 634 ridiculas,

316 669 346 714 at
367 657 457 733 magis
477 668 572 713 tamen
588 657 754 716 Domitiano
771 657 981 716 condonandas
999 659 1102 730 luisse,
1123 679 1208 734 quam
1230 657 1384 714 immanem
1436 653 1441 667 '

318 749 531 817 crudelitatem,
548 768 603 822 qua
615 749 722 806 lactum
736 748 787 822 sit,
803 760 851 820 ut,
868 769 957 824 Qum
969 749 1071 825 ignava
1084 751 1234 806 nobilitate
1246 749 1385 806 exstincta

318 840 348 896 in
373 839 500 896 infimam
524 840 647 898 seviant
668 841 800 915 plebem,
822 840 928 912 justam
949 851 1043 898 morte
1064 841 1236 916 pependerit
1254 856 1386 916 punam,

318 949 346 985 v.
369 928 531 999 rio-154.

583 1317 830 1404 saman
859 1317 1129 1434 Quinum

744 1499 966 1558 Anantsls.

363 1711 489 1766 Maxima
500 1709 586 1784 hujus
597 1711 689 1766 satire
700 1729 782 1784 pars,
792 1729 821 1765 v.
833 1709 984 1785 28-149,
999 1707 1128 1765 continet
1137 1708 1332 1765 narrationem
1344 1719 1390 1764 tot

323 1799 430 1857 lucetiis
452 1803 615 1879 salibusque
629 1819 645 1858 a
662 1803 806 1880 principio
821 1803 858 1861 ad
872 1801 959 1860 finem
973 1803 1074 1879 sparsis
1092 1803 1251 1875 conditam,
1270 1813 1299 1860 et
1313 1813 1391 1858 tanta

323 1902 487 1950 contextam
499 1907 574 1966 arte,
591 1907 624 1952 ut
637 1896 781 1953 Iuvenalis
797 1895 830 1950 in
844 1895 900 1952 hoc
918 1893 1036 1951 satirica
1054 1913 1173 1970 poeseos
1187 1913 1292 1972 genere
1307 1895 1391 1970 inge-

323 1981 405 2040 nium
424 1987 553 2059 Horatii,
576 1989 628 2064 qui
646 1989 678 2044 iu
695 2007 730 2045 eo
750 1987 959 2063 princepum,
982 2000 1148 2062 assequutus
1168 1989 1230 2046 lere
1247 1986 1388 2044 videatur.

325 2080 404 2150 Quid
420 2080 537 2138 lucetius
552 2081 733 2138 invocatione
747 2083 912 2150 Musarum,
930 2091 1065 2155 tauquam
1084 2081 1115 2137 in
1135 2097 1167 2137 re
1182 2081 1264 2157 gravi
1285 2089 1314 2135 et
1331 2077 1389 2134 ho-

310 2170 443 2234 ,non'lica
451 2213 460 2244 ,
475 2187 530 2248 qua
545 2175 723 2242 salutantur,
736 2171 901 2248 puellarum
917 2171 1128 2248 appellatione?
1140 2192 1169 2228 v.
1184 2173 1221 2241 31,
1235 2191 1295 2248 seq.
1310 2169 1392 2242 Quid

322 2255 450 2320 festivius
461 2263 654 2338 doecmptione
664 2263 712 2318 illa
724 2265 841 2319 Panum
850 2265 1066 2340 amicorumque
1078 2265 1277 2340 Imperatoris,
1289 2263 1320 2320 in
1331 2260 1392 2337 pri-

324 2355 378 2412 mis
394 2355 515 2432 Pegasi,
532 2356 622 2414 villici
632 2355 739 2426 Urbis,
755 2375 816 2412 non
829 2353 974 2426 Praefecti,
991 2367 1071 2431 rapta
1085 2357 1179 2412 abolla
1191 2355 1393 2432 properantis,

324 2468 353 2505 v.
377 2448 413 2521 75
434 2467 493 2526 seq.
520 2451 630 2526 Crispi,
652 2449 725 2507 senis
747 2447 856 2526 ingenii
875 2449 967 2522 mitis,
989 2460 1018 2505 et
1038 2447 1263 2506 dissimulatione
1286 2449 1342 2504 tuti
1361 2447 1394 2503 in

325 2544 389 2598 aula
405 2541 535 2617 tyranni,
550 2562 579 2599 v.
594 2542 629 2598 81
646 2561 705 2616 seq.
722 2542 838 2609 llulrii,
857 2541 907 2616 qui
920 2559 986 2598 reus
1000 2552 1042 2597 est
1055 2540 1171 2598 offensa
1186 2541 1291 2599 veteris
1305 2551 1394 2614 atque

325 2635 465 2705 taeendoe,
487 2647 517 2692 et
532 2635 775 2710 improbissimus,
795 2653 824 2688 v.
845 2641 897 2701 tot
918 2649 977 2707 seq.
998 2633 1108 2690 ventri's
1125 2635 1278 2702 Montani,
1297 2632 1393 2688 abdo-

325 2726 402 2784 mine
420 2726 510 2797 tardi,
529 2726 609 2800 cujus
627 2725 723 2802 lepida
740 2723 830 2780 vincit
847 2724 1000 2795 sententia,
1021 2741 1049 2782 v.
1067 2745 1120 2797 107
1136 2737 1165 2782 et
1180 2725 1231 2782 131
1245 2745 1304 2800 seq.
1328 2723 1395 2782 cn·-

326 2819 417 2892 spiui,
437 2819 579 2876 matutino
600 2817 729 2878 sudantis
747 2834 878 2886 amomo,
893 2828 1032 2891 quantum
1049 2817 1098 2873 vix
1118 2813 1250 2875 redolent
1267 2818 1326 2875 duo
1345 2815 1394 2872 iu·

326 2927 411 2980 uera,
420 2929 449 2966 v.
465 2911 534 2981 108,
547 2931 617 2988 109,
631 2911 732 2978 Fusci,
744 2925 905 2965 marmorea
912 2905 1075 2965 meditantis
1083 2909 1272 2984 praeliavilla,
1281 2929 1310 2964 v.
1322 2925 1395 2977 112,

330 3003 438 3059 Catulli
455 3005 537 3076 ceci,
557 3006 609 3080 qui
624 3023 781 3080 numquam
797 3002 864 3059 visae
885 2999 985 3078 flagrat
1002 3021 1100 3059 amore
1119 3003 1233 3078 puelloe3
1251 3001 1325 3058 etin
1342 3001 1394 3056 lae-

331 3108 394 3151 tam
413 3113 582 3168 conversus,
600 3098 723 3154 maxime
740 3095 898 3153 admiratur
917 3095 1090 3167 rhombum,
1111 3097 1212 3154 dextra
1231 3095 1274 3152 illi
1292 3095 1394 3170 jacen-

331 3206 403 3260 (ω,
416 3207 445 3244 v.
462 3189 629 3260 113-122,
648 3189 828 3256 Veientonis,
843 3187 893 3262 qui
904 3187 1004 3245 divino
1016 3189 1095 3264 quasi
1106 3190 1210 3264 spiritu
1217 3185 1331 3245 inflatus
1341 3207 1394 3244 va-

326 3281 482 3340 ticinatur?
494 3301 521 3337 v.
535 3282 587 3337 123
598 3299 657 3356 seq.
670 3281 784 3350 Quanta
793 3279 1083 3352 adumbranturarte,
1091 3293 1211 3357 etquam
1219 3282 1324 3338 acerbo
1335 3281 1396 3337 sale

328 3374 563 3450 perstringuntur
582 3371 680 3428 insana
693 3371 806 3427 luxuria
824 3383 852 3428 et
867 3371 1005 3446 Crupim',
1020 3391 1047 3427 v.
1065 3389 1172 3444 1-27,
1191 3372 1262 3444 108,
1277 3392 1349 3448 109,
1364 3383 1395 3428 et

329 3465 505 3535 Domitiani,
520 3483 619 3522 omnes
629 3463 757 3521 universi
770 3474 911 3520 tertarum
920 3463 999 3519 orbis
1012 3461 1127 3529 delicias
1139 3463 1194 3520 sibi
1206 3463 1394 3534 vindicantis,

268 3573 269 3578 ’
329 3581 357 3616 v.
370 3560 408 3617 28
418 3577 478 3633 seq.
492 3557 528 3626 [ὦ
540 3575 599 3633 seq.
612 3557 667 3616 136
678 3575 736 3632 seq.
750 3557 911 3614 delatorum
921 3555 1105 3630 improbitas,
1117 3576 1146 3614 v.
1159 3566 1195 3628 47
1208 3577 1267 3633 seq.
1280 3568 1309 3614 et
1323 3576 1398 3627 uo,

329 3651 515 3727 Imperatoris
530 3649 636 3706 saevitia
652 3659 681 3706 et
695 3665 793 3725 nugae,
810 3667 837 3702 v.
854 3644 986 3719 73-103
997 3690 1005 3719 ,
1016 3659 1046 3705 et
1060 3649 1115 3706 150
1125 3667 1184 3726 seq.
1196 3649 1299 3706 servile
1312 3649 1396 3726 ingo-

329 3743 410 3800 nium
423 3753 453 3799 et
465 3743 592 3800 adulatio
605 3742 674 3799 scita
686 3741 836 3797 hominum
850 3749 907 3794 tam
922 3737 1021 3796 infimo
1036 3760 1121 3815 quam
1135 3761 1247 3798 summo
1262 3741 1328 3796 loco
1344 3759 1382 3796 na

260 3894 263 3900 ,
330 3834 446 3892 torum?
465 3833 599 3906 65-71‚
614 3835 746 3910 76—94,
762 3833 1112 3909 119-129.-Satiram
1127 3835 1200 3890 hauc
1215 3845 1281 3909 post
1295 3832 1396 3890 Domi-

331 3930 401 3986 tiani
411 3939 534 3986 mortem
545 3927 679 4002 scriptam
692 3945 766 3997 esse,
784 3941 820 3981 ex
834 3944 862 3980 v.
880 3921 933 3981 153
952 3936 981 3982 et
997 3923 1050 3995 154
1067 3927 1254 4004 intelligitur3
1270 3925 1321 3983 sed
1335 3946 1396 4008 quo

332 4039 424 4092 anno,
437 4039 498 4078 non
509 4022 609 4096 liquet.
