3148 4990
308 415 349 488 πά
452 409 626 475 VARIAE
657 412 946 477 LECTIONES
977 413 1040 478 ET
1070 413 1224 478 NOTAE

340 527 409 578 Nor.
426 544 468 578 10.
481 527 547 578 Nota
557 525 623 577 mihi
633 538 694 578 sunt
704 526 894 596 Argonautica,
906 539 934 580 ut
944 546 958 580 e
969 527 1074 580 Colchis
1084 529 1162 582 Iason
1173 529 1263 582 furtim
1273 569 1281 594 ,
1291 529 1377 584 inscio

306 607 395 671 AEeta,
407 617 432 656 et
443 604 509 657 dolis
519 604 633 671 Medeu,
645 624 754 658 aureum
764 606 846 658 vellus
855 604 969 678 Phryxi,
981 597 1012 657 vl
1022 603 1201 678 χρυσόμαλλον
1213 599 1299 680 dim,
1314 609 1377 661 sub-

306 690 425 762 ripuerit.
437 721 471 730 -
482 693 606 742 Pelliculoe
615 711 625 740 .·
638 689 679 741 vir
691 691 754 743 clar.
770 700 795 742 et
808 688 913 742 doctiss.
928 690 1112 764 interpretatur
1124 696 1266 753 meretricis,
1281 699 1379 763 nempe

305 773 421 838 nedem
439 772 485 826 sed
499 773 537 824 illi
552 792 614 826 sane
630 792 684 825 non
698 773 832 826 assentior.
848 777 938 822 Annam
944 775 1046 842 fienivoe
1052 778 1177 842 pellicula
1188 788 1226 828 est
1234 779 1378 844 pelliculam

304 859 416 928 (nempe
433 856 527 927 pellem
546 856 601 908 sive
620 856 722 926 vellus)
741 875 842 907 auream
857 854 947 907 furtim
961 857 1081 910 ablatam.
1098 856 1250 910 Pelliculam
1265 876 1319 912 esse
1332 857 1377 910 di-

305 939 464 992 minutivum
478 939 550 992 vocis
558 941 645 1008 pellis,
661 957 714 992 non
726 957 789 992 vcro
796 942 893 1008 pellicis
911 939 1039 1007 arbitror,
1060 953 1086 993 et
1092 944 1194 1013 fianivoe
1206 943 1310 1013 passivo
1323 960 1379 994 nou

308 1023 394 1074 activo
407 1039 483 1075 sensu
498 1021 730 1094 interpretandum.
750 1022 802 1074 En,

343 1115 412 1169 Nor.
432 1133 473 1168 11.
485 1115 553 1167 Novi
562 1134 676 1188 pugnam
685 1115 876 1168 Centaurorum
884 1133 946 1169 cum
952 1117 1071 1190 Lapithis
1082 1118 1110 1170 in
1119 1117 1252 1171 Thessalia
1262 1130 1287 1170 et
1296 1119 1380 1171 robur

307 1202 423 1266 Monyris*
431 1200 574 1267 Centauri,
587 1218 665 1272 quem
677 1201 782 1253 arbores
795 1219 856 1253 cum
869 1200 1000 1254 radicibus
1011 1203 1136 1256 evulsisse
1149 1215 1174 1254 et
1185 1203 1290 1256 torsisse
1303 1203 1379 1254 labu-

306 1287 394 1338 lnntur
410 1297 513 1358 poetae3
531 1284 587 1337 vid.
606 1284 686 1339 Ovid.
705 1286 769 1339 Met.
789 1286 860 1352 XII,
883 1291 951 1353 499,
971 1305 1047 1357 scq.;
1068 1287 1167 1340 Lucan.
1183 1287 1240 1352 VI,
1263 1285 1331 1352 388,
1353 1299 1379 1339 et

309 1371 398 1422 vater.
414 1370 453 1423 Fl.
468 1371 499 1435 1,
518 1369 584 1436 145,
598 1388 653 1440 seq.
669 1371 715 1422 nbl
728 1390 754 1424 v.
769 1368 861 1422 Burm.

342 1468 411 1522 Nou.
435 1485 476 1520 υ.
497 1467 576 1520 AEdes
592 1467 720 1520 nobilium
734 1479 759 1518 et
771 1466 897 1520 ditiorum
914 1465 1032 1538 quotidie
1048 1479 1169 1519 resonant
1183 1467 1380 1520 recitationibus

308 1551 560 1636 repetitionibusque
572 1551 722 1604 earumdem
737 1550 884 1621 mulgarium
898 1569 985 1602 rerum
999 1570 1029 1603 ac
1048 1551 1213 1614 fabularum,
1233 1571 1297 1622 quas
1312 1552 1380 1603 varii

309 1645 391 1705 poetae
400 1645 558 1698 tractarunt,
573 1652 684 1704 qunque
697 1632 763 1686 adeo
776 1632 860 1685 cuivis
873 1632 908 1684 ita
922 1632 1100 1697 innotescunt,
1111 1633 1154 1685 vel
1164 1636 1218 1705 jam
1232 1634 1377 1686 innotuere.

309 1717 399 1767 llomae
406 1715 486 1781 enim,
496 1717 537 1767 vel
544 1715 630 1778 domi,
641 1715 731 1786 paucis
738 1715 829 1767 amicis
836 1715 996 1779 convocatis,
1004 1715 1046 1768 vel
1057 1715 1084 1768 in
1093 1715 1192 1768 aedibus
1201 1729 1226 1768 et
1233 1715 1340 1787 quidem
1352 1717 1381 1768 in

309 1800 381 1854 atriis
392 1799 570 1870 porticibusve
579 1814 668 1854 earum
677 1799 741 1851 laxis
750 1797 917 1869 magnisque,
926 1815 985 1869 quae
994 1799 1173 1865 tennioribus,
1183 1800 1279 1870 quibus
1289 1819 1317 1852 ea
1327 1819 1381 1852 non

309 1895 399 1948 erant,
415 1901 429 1934 n
442 1882 525 1935 divite
536 1883 623 1952 aliquo
635 1893 660 1934 et
673 1882 755 1934 nobili
767 1881 842 1947 viro,
856 1893 885 1932 nt
898 1880 926 1933 h.
941 1881 960 1932 l.
975 1899 990 1932 a
1002 1885 1121 1931 Frontone
1132 1883 1163 1948 (a
1175 1880 1253 1935 Stella
1265 1881 1378 1938 Martial.

310 1965 365 2032 IV,
391 1967 424 2029 6,
450 1965 498 2033 5),
520 1964 770 2030 commodabantur,
793 1964 835 2024 vel
856 1962 970 2034 deniqne
991 1963 1104 2034 puhlicis
1125 1963 1212 2028 locis,
1235 1965 1262 2015 in
1283 1977 1380 2036 quanta

310 2047 420 2100 maxima
439 2047 496 2100 lieri
513 2059 614 2118 poterat
629 2047 767 2099 bominum
784 2066 898 2113 corona,
916 2047 1093 2112 recitabatur,
1111 2047 1183 2099 conl.
1197 2046 1231 2100 ad
1242 2048 1312 2114 v11,
1326 2055 1380 2114 ¹403

309 2132 400 2185 Horat.
414 2143 461 2184 snt,
475 2131 505 2196 1,
521 2129 554 2196 3,
567 2129 600 2181 88
611 2170 619 2196 ,
631 2148 685 2203 seq.
701 2131 732 2196 Ι,
748 2137 782 2198 4,
796 2137 847 2201 74,
861 2151 915 2203 seq.
931 2131 999 2184 Plin.
1014 2131 1064 2203 Ep.
1077 2131 1163 2197 VIII,
1180 2149 1209 2186 ta
1220 2154 1228 2198 ;
1241 2131 1377 2204 l'bcopbr.

312 2420 375 2467 mihi
385 2419 734 2484 nonpermasitWernsdorl‚
746 2420 826 2483 quiin
870 2419 902 2466 sis
920 2418 1006 2465 AEtnaei
1024 2417 1133 2465 incendii
1152 2429 1239 2467 ventos
1257 2419 1380 2466 subterra-

313 2500 381 2546 Poet.
391 2502 441 2547 Lat.
455 2500 518 2546 Min.
530 2508 545 2545 t.
560 2500 608 2558 tv,
621 2515 646 2561 p.
659 2499 706 2558 23,
727 2499 761 2546 ita
774 2499 826 2546 dis·
869 2513 945 2554 neos,
958 2495 1047 2561 purtim
1058 2496 1131 2544 etiam
1143 2497 1223 2545 nudas
1236 2498 1323 2556 maris,
1336 2515 1380 2545 an·

313 2578 423 2641 putaritt
445 2601 456 2619 u
464 2575 590 2624 luvenalis
609 2575 705 2623 videtur
723 2578 826 2625 omnino
870 2587 905 2622 tra
915 2577 990 2623 AEtnae
999 2575 1143 2636 subeuntes,
1153 2577 1236 2640 ponit,
1245 2578 1304 2624 etin
1313 2578 1383 2641 prin·

314 2673 350 2704 vs.
361 2673 389 2716 7,
399 2657 429 2713 8,
440 2655 491 2702 dno
499 2665 594 2718 poetas,
604 2665 645 2701 ant
653 2655 758 2702 duorum
768 2671 826 2718 poe·
869 2655 935 2718 cipio
951 2653 1066 2702 carminis
1079 2653 1160 2702 verbis
1174 2655 1223 2701 lere
1236 2671 1250 2701 a
1262 2655 1381 2704 Juvenale

312 2745 405 2782 matum
426 2743 566 2798 argumente
589 2743 703 2798 tangere,
728 2751 824 2795 unum,
869 2733 977 2796 repetitis
991 2734 1082 2782 utitur:
1099 2749 1154 2797 quoe
1168 2744 1218 2780 tom
1229 2731 1309 2798 form
1321 2734 1381 2780 vol·

313 2814 382 2878 quod
395 2813 426 2861 de
436 2813 593 2878 expeditione
604 2813 825 2876 Argonautiou,al-
869 2821 926 2858 vane
941 2810 980 2858 inc
993 2811 1053 2858 ndia
1072 2827 1180 2869 caussoe,
1203 2813 1275 2876 Quod
1283 2811 1381 2878 fremat

313 2903 411 2952 terum,
430 2907 453 2941 ct
472 2891 572 2956 quidem
590 2893 677 2940 Lucilii
695 2893 824 2950 iunioris,
869 2889 1381 2956 imperium,quidmucostnrqueatoestns.n

314 2973 382 3036 qnod
396 2972 427 3020 de
444 2975 515 3020 AEtna
529 2982 612 3020 moute
626 2973 681 3036 agit.
698 2973 731 3020 Ea
744 2988 779 3020 vs.
794 2989 824 3034 9,
869 2970 893 3016 Α
902 2985 936 3018 vs.
947 2986 974 3030 7,
986 2979 1010 3018 et
1019 2969 1105 3018 totob.
1115 2969 1131 3017 l.
1141 2969 1293 3033 consilioque
1303 2981 1382 3034 poete

318 3066 363 3108 ιο,
375 3052 478 3116 propius
489 3061 572 3100 notare
586 3051 681 3115 pergit:
699 3066 756 3098 nam
769 3067 824 3098 rer·
870 3047 947 3096 aliena
961 3059 998 3096 est
1010 3048 1062 3097 bec
1077 3050 1155 3108 ratio,
1171 3064 1220 3112 qua
1232 3049 1263 3096 ad
1276 3049 1381 3098 duorum

315 3128 367 3186 bis,
381 3130 446 3177 uncle
457 3128 521 3176 alius
527 3127 636 3196 filnivae.
648 3165 654 3177 .
667 3165 673 3177 .
685 3127 823 3193 pelliculoe,
869 3128 945 3175 modo
952 3129 1088 3181 carminum
1096 3139 1237 3193 argumente
1245 3129 1383 3177 referuntur

315 3208 379 3254 redit
393 3209 425 3256 ad
438 3209 540 3256 alterum
553 3217 666 3272 poetam,
684 3224 757 3271 quem
770 3219 825 3256 ante
870 3208 968 3266 omnia;
981 3217 1005 3254 et
1017 3207 1052 3254 sic
1064 3222 1116 3254 non
1127 3207 1202 3256 modo
1214 3207 1306 3265 verbis,
1320 3223 1382 3272 quar

316 3286 411 3334 dixerat
418 3289 495 3337 lucum
504 3287 590 3334 Martis
597 3287 764 3351 descripsisse;
774 3305 827 3336 ven
868 3296 977 3351 torqueat
989 3286 1084 3333 rimbtus
1099 3285 1207 3343 AEacus,
1222 3287 1264 3338 sed
1279 3298 1303 3334 et
1317 3285 1380 3350 illis,

314 3366 346 3414 ba
356 3377 436 3414 antem
448 3367 506 3432 qnid
514 3376 590 3430 agunt
600 3365 671 3414 nenti
680 3368 782 3414 omuino
791 3368 826 3414 vi·
869 3376 973 3431 quantas
974 3364 1234 3431 jaculeeurlllonycltus
1241 3382 1324 3423 omos,
1333 3366 1380 3414 ulia

316 3446 405 3493 dentur
418 3449 513 3501 AEtuam
530 3445 633 3508 amplius
650 3444 745 3510 signare
759 3445 826 3494 etde
870 3444 1038 3494 substituend·
1060 3453 1125 3492 aunt.
1146 3445 1212 3493 Nota
1232 3445 1304 3493 Heln.
1326 3457 1380 3493 est:

315 3525 410 3583 ventis,
422 3527 541 3575 AEtnn‘um
549 3524 691 3573 incendium
702 3526 827 3573 excitanti·
870 3547 883 3566 v
892 3527 1001 3572 Fortasse
1017 3523 1216 3587 perstringuntur
1234 3523 1383 3574 versificato-

316 3605 377 3663 bns,
390 3601 547 3666 intelligenda
560 3619 619 3652 esse.
630 3605 675 3650 His
689 3620 764 3668 quum
779 3615 825 3652 sta-
871 3621 923 3664 res,
935 3606 979 3668 qni
989 3621 1015 3652 sc
1028 3604 1059 3651 ad
1073 3605 1232 3654 imitationem
1247 3609 1301 3656 AEu.
1312 3607 1381 3672 Virg.

317 3685 360 3731 tim
371 3683 533 3746 subjungatur
546 3698 606 3746 quas
616 3692 725 3746 torqueat
731 3683 826 3734 urnlms
870 3696 1074 3748 composuerant,
1091 3683 1136 3732 ubi
1149 3701 1230 3733 sermo
1244 3696 1281 3733 est
1298 3685 1328 3732 de
1342 3696 1382 3733 tu.

317 3762 423 3820 Eccos,
443 3777 495 3808 non
512 3760 610 3808 videtur
626 3761 675 3809 boc
693 3761 724 3809 ad
741 3773 826 3810 ventos
870 3764 988 3814 mnitibus
1002 3775 1132 3813 ventorum
1148 3763 1217 3812 etde
1233 3766 1306 3812 AEaco
1320 3765 1383 3812 infe-

317 3851 372 3889 ante
383 3851 529 3889 memoratos
542 3839 592 3888 ullo
603 3840 677 3890 modo
690 3843 827 3906 pertinere,
871 3860 955 3892 rorum
975 3845 1064 3905 judice.
1078 3867 1091 3885 u
1114 3844 1204 3891 Eadem
1225 3844 1253 3891 in
1277 3843 1381 3892 aliorum

318 3921 367 3970 nisi
382 3923 480 3970 mutatis
490 3923 599 3987 paullum
613 3922 694 3972 verbis
707 3924 826 3988 legamus,
872 3940 970 3988 quoque
983 3925 1112 3989 poetarum
1126 3921 1275 3970 carminibus
1288 3937 1383 3971 memo·

317 4019 378 4068 quus
387 4011 496 4066 torqueat
503 4002 582 4049 turdus
588 4036 595 4058 ,
607 4001 645 4049 vel
653 4019 712 4066 quos
720 4011 829 4067 torqueat
872 4012 972 4062 rantur,
986 4003 1013 4050 iu
1023 4001 1124 4050 AEueide
1135 4012 1216 4049 autem
1225 4000 1293 4066 Virg.
1304 4018 1384 4066 neque

317 4091 387 4128 oesms
401 4081 494 4131 AEolns.
510 4085 545 4128 lta
560 4097 617 4128 vero
631 4081 717 4130 clarius
730 4082 828 4146 respicit
872 4081 937 4128 lucus
947 4080 1048 4138 Martis,
1062 4081 1383 4150 nequelaconffirgoncn-
1438 4063 1446 4076 ⁸

318 4161 414 4208 AEtnnm
425 4159 525 4222 LuciliI,
538 4161 580 4226 qni
589 4161 615 4207 in
625 4161 754 4226 precipuis
762 4177 829 4210 caus-
871 4171 903 4208 tae
916 4171 940 4208 et
954 4159 1093 4224 Monychus.
