3130 4986
439 469 625 534 sA'rtuA
655 471 907 539 SECUNDA.
1167 478 1207 543 85

137 579 253 668 Qualis
269 597 343 652 erat
359 608 473 677 nuper
489 585 615 680 tragico
631 584 778 679 pollutus
795 587 924 656 adulter

139 692 347 778 Concubitu,
364 695 424 788 qui
444 709 524 764 tunc
541 694 632 789 leges
648 697 828 765 revocabat
844 723 971 768 amaras
1176 711 1210 765 3ο

140 800 322 888 Omnibus,
339 817 442 897 atque
459 805 538 897 ipsis
553 806 681 873 Veneri
697 807 867 901 Martique
884 809 1066 896 timendas,

140 909 254 996 Quum
272 925 323 980 tot
338 912 500 982 abortivis
516 912 693 982 fecundam
709 917 728 982 J
731 914 797 984 ulia
813 917 947 986 vulvam

140 1017 309 1105 Solveret,
327 1037 361 1089 et
377 1036 500 1115 patruo
516 1023 639 1092 similes
656 1023 847 1094 effunderet
863 1025 958 1096 ollas.

145 1131 269 1198 Nonne
288 1131 393 1225 igitur
406 1132 485 1224 jure
501 1158 540 1203 ac
555 1135 674 1202 merito
690 1135 773 1202 vitia
788 1133 905 1203 ultima
920 1135 1019 1206 fictos
1121 1173 1124 1180 ¹

144 1239 376 1309 Contemnunt
391 1244 550 1329 Scauros,
568 1259 601 1311 et
617 1244 776 1338 castigata
793 1243 1007 1314 remordenti
1182 1259 1215 1312 tt

193 1351 272 1418 Non
290 1348 368 1417 tulit
383 1375 424 1418 ex
440 1351 504 1420 illis
521 1367 655 1421 torvum
671 1354 841 1420 Lauronia
857 1353 1036 1446 quemdam

144 1457 355 1526 Clementem
373 1462 491 1528 toties:
510 1461 567 1530 ubi
583 1487 675 1529 nunc
691 1461 743 1528 lex
758 1461 868 1532 Juliu?
883 1463 1032 1532 dormis?

145 1565 197 1634 Ad
214 1591 317 1660 quem
334 1567 531 1636 subridens:
550 1568 659 1637 felicia
675 1583 844 1661 tempora,
861 1597 935 1664 quae
951 1587 985 1640 te

146 1677 302 1746 Moribus
317 1675 510 1773 opponunt!
527 1678 650 1746 habeat
662 1678 732 1771 jam
749 1681 856 1747 Roma
873 1678 1051 1773 pudorem!

147 1787 281 1856 Tertius
297 1812 317 1855 e
335 1786 417 1856 caelo
433 1788 554 1857 cecidit
569 1790 675 1858 Cato:
693 1787 752 1856 sed
768 1802 880 1858 tumen
896 1791 987 1860 unde
1186 1808 1221 1865 4⁰

149 1899 228 1966 llaec
244 1899 345 1983 emis,
362 1897 492 1966 hirsuto
509 1898 639 1990 spirant
654 1896 868 1990 opobalsama
885 1899 972 1968 collo

149 2005 232 2092 Quae
248 2003 331 2073 tibi?
346 2030 389 2074 ne
407 2005 531 2100 pudeat
547 2005 721 2073 dominum
737 2021 925 2076 monstrare
942 2010 1099 2084 taberne.

149 2111 251 2201 Quod
267 2115 295 2182 si
312 2128 478 2182 vexentur
493 2112 584 2207 leges
600 2138 639 2183 ac
652 2113 745 2206 jura,
761 2115 858 2183 citari

151 2338 355 2414 proscripserit
365 2381 374 2410 ,
386 2350 520 2396 accusent
530 2382 538 2410 ,
550 2340 601 2414 qni
615 2359 699 2410 enm,
713 2352 747 2396 ut
758 2341 927 2418 magistrum
942 2343 1090 2419 discipuli,
1106 2357 1174 2402 sunt
1194 2347 1225 2403 iu

153 2449 187 2485 eo
197 2431 260 2505 ipso
272 2431 398 2488 imitati?
415 2431 514 2502 Qualis
525 2443 586 2488 emt
601 2451 695 2507 nuper
707 2433 878 2508 imperator,
896 2435 945 2491 ille
959 2434 1084 2508 adulter,
1097 2439 1225 2513 pollutus

154 2521 272 2579 infando
286 2543 344 2580 suae
357 2522 453 2598 neptis
470 2523 642 2592 concubitu,
658 2523 708 2598 qui
725 2525 802 2600 leges
820 2527 974 2582 revocabat
985 2529 1153 2585 metuendas
1165 2548 1226 2585 non

157 2620 247 2674 solum
261 2619 396 2676 omnibus
408 2619 545 2675 Romanis
560 2619 610 2694 qui
629 2619 826 2688 moecbantur,
841 2620 893 2676 sed
903 2608 971 2696 ipsis¹
984 2641 1103 2697 quoquo
1113 2624 1228 2681 adulte-

157 2711 194 2768 n's
204 2712 309 2768 Veneri
323 2721 353 2768 et
366 2710 466 2780 Marti,
476 2728 511 2767 eo
522 2710 585 2785 ipso
595 2721 739 2785 tempore,
749 2729 808 2784 quo
817 2711 909 2780 tutia,
922 2712 983 2786 ejus
992 2713 1088 2770 fratris
1097 2711 1169 2786 fitia,
1182 2725 1227 2773 tot

156 2803 295 2860 abortivis
312 2802 527 2860 medicamentis
540 2803 668 2878 abigeret
678 2813 708 2860 et
723 2802 886 2862 effunderet
899 2821 915 2859 e
932 2804 1055 2860 secunda
1069 2807 1155 2861 vulva
1168 2805 1227 2861 iru-

157 2906 285 2951 maturos
298 2893 394 2963 foetus,
412 2894 600 2951 similitudine
617 2894 738 2968 quadam
754 2905 917 2952 accusantes
934 2905 1081 2968 patruum,
1100 2896 1149 2971 qui
1166 2915 1228 2952 eam

136 3006 140 3014 “
157 2987 366 3044 incestarent?
377 2989 482 3044 Nonne
494 2987 583 3064 igitur
596 2984 700 3043 merito
711 2987 945 3044 facinorosissimi
953 2987 1084 3045 homines
1095 2989 1230 3046 derident

159 3080 223 3136 illos
234 3080 416 3136 simulatores
422 3079 584 3154 probitatis,
594 3077 644 3153 qui
655 3078 777 3135 Scauros
787 3079 894 3136 imitari
902 3099 932 3136 se
941 3078 1068 3156 fingunt3
1081 3101 1229 3158 quumque

158 3171 195 3226 sb
213 3170 375 3246 hypocritis
394 3168 537 3242 ejusmodi
553 3169 818 3244 reprehenduntur,
841 3189 939 3227 noune
958 3171 1013 3246 ipsi
1030 3172 1154 3230 vicissim
1180 3193 1230 3231 cos

159 3261 265 3318 merito
289 3261 456 3335 vituperant
478 3280 511 3316 sc
525 3259 724 3336 redarguunt?

200 3353 248 3409 36.
265 3353 426 3423 lauronia,
442 3371 459 3409 e
474 3352 559 3427 plebe
574 3352 693 3423 mulier,
705 3371 795 3409 uuum
811 3352 936 3427 aliquem
950 3373 984 3410 ex
999 3353 1070 3425 illis,
1087 3355 1138 3429 qni
1148 3357 1232 3412 vultu

161 3461 263 3500 severo
272 3461 306 3499 ec
315 3443 418 3499 tetrico
428 3442 644 3500 sanctimoniam
654 3463 713 3518 prae
722 3464 752 3502 se
761 3444 886 3513 serebat,
896 3462 956 3500 uon
965 3446 1162 3520 potuitpelum
1172 3465 1232 3502 uon

162 3555 289 3611 carpere.
301 3537 399 3606 Quum
409 3535 486 3592 enim
495 3536 651 3612 illesaepius
661 3537 746 3594 inens
756 3555 842 3596 voces
852 3549 1031 3611 erumperet:
1048 3539 1074 3594 0
1087 3540 1133 3594 lex
1142 3539 1233 3612 Juliu,

165 3629 393 3705 quspuuiuutur
406 3628 544 3699 adulteri,
560 3629 611 3684 ubi
625 3629 741 3685 taudem
754 3629 805 3685 es?
820 3648 856 3684 au
866 3629 995 3685 dormis?
1010 3640 1079 3685 tuuc
1090 3630 1234 3687 Lauronia

164 3722 317 3780 subridens
326 3721 384 3783 itti:
398 3724 425 3779 0
435 3721 563 3792 felicem,
574 3721 684 3796 iuquit,
696 3732 825 3779 nostram
835 3731 960 3792 etatem,
976 3740 1039 3795 que
1050 3721 1080 3776 in
1092 3732 1120 3777 te
1131 3722 1235 3778 babeat

166 3814 310 3888 specimen
321 3823 349 3870 et
359 3812 507 3886 exemplar
515 3812 682 3887 probitatis,
693 3831 753 3887 qno
760 3830 857 3868 mores
866 3810 952 3886 hujus
964 3811 1017 3866 aevi
1028 3809 1236 3884 perditissimos

164 3905 291 3966 refutare
303 3906 393 3980 possit
402 3905 415 3960 i
424 3905 485 3978 jem
496 3907 642 3962 Romanos
656 3922 774 3980 peccare
785 3903 905 3978 pudeet3
920 3921 986 3958 uem
997 3919 1033 3956 en
1047 3903 1147 3962 tertius
1162 3904 1235 3960 Cato

166 4018 184 4055 e
203 4001 276 4054 coelo
288 4001 331 4054 ad
346 4017 401 4054 nor
413 4000 613 4054 emendandos
627 4000 763 4072 delapsus
779 4007 830 4052 est.
845 3999 906 4070 Age
923 4003 1032 4064 temen,
1049 4005 1161 4068 orote,
1179 4017 1236 4071 qun

165 4090 196 4148 in
215 4089 330 4148 officina
344 4089 516 4146 venduntur
535 4090 641 4147 odores
657 4087 802 4164 pretiosi,
823 4096 851 4144 et
872 4085 949 4142 succi
964 4084 1112 4172 balsamei,
1131 4086 1238 4161 quibus

164 4185 271 4248 cottum
281 4195 372 4255 tuum,
384 4183 454 4240 licet
462 4181 614 4240 barbatum
625 4182 812 4250 etvillosum,
823 4188 865 4236 est
874 4177 1055 4236 delibutum?
1066 4179 1109 4236 Ne
1121 4189 1159 4251 te,
1171 4197 1243 4260 oro,
