3058 4988
392 435 447 500 IN
470 432 704 500 SA'I'IRAM
727 433 951 498 SEXTAM.
1144 431 1208 512 465

127 568 181 623 pro
194 552 294 622 quovis
310 548 414 604 medico
427 551 470 603 rel
484 551 610 621 chirurgo
624 551 709 618 (nam
722 561 827 600 veteres
845 545 943 600 medici
958 565 1050 600 omnes
1061 561 1138 603 erant
1152 550 1210 602 chi·

128 635 224 704 rurgi)
234 647 262 688 et
273 646 435 698 castratore,
453 645 482 686 ut
496 636 646 701 Antigenes
659 650 743 705 supra
756 633 792 696 V,
807 630 961 684 03611000
973 631 1029 685 vid.
1046 633 1120 686 Paul.
1136 636 1211 707 AEgi·

129 729 191 769 ueta
202 757 211 783 ,
224 717 328 786 IV,·49.
365 763 366 768 ,
696 716 702 758 l

165 814 237 867 Nor.
259 814 319 889 374.
340 817 489 883 Conspicuus
498 826 525 868 et
534 815 664 880 notabilis,
674 812 800 884 insignis,
811 813 964 883 spectabilis
975 825 1029 866 tam
1040 814 1213 886 genitalium,

131 917 213 970 quam
231 913 340 953 staturae
359 913 386 952 et
404 898 526 970 corporis
542 896 742 968 magnitudine,
762 897 851 966 qualis
870 896 1037 968 spadonibus
1054 915 1113 951 esse
1129 899 1212 963 solet;

129 981 205 1035 uude
219 987 329 1054 gruades
346 985 427 1048 Galli,
445 982 518 1034 Pers.
534 981 570 1045 V,
593 980 659 1045 086,
676 991 703 1033 et
718 983 802 1048 iugem
818 982 916 1030 semivir
931 979 1003 1032 inira
1021 988 1060 1032 ra.
1083 981 1148 1044 500,
1166 983 1213 1036 ubi

129 1064 279 1136 Graugseus
289 1079 381 1132 notat,
394 1084 484 1119 semen
493 1105 501 1130 ,
510 1064 538 1116 iu
548 1065 621 1117 reris
629 1063 692 1116 viris
702 1062 824 1124 effluens,
836 1063 1006 1134 proceritatis
1019 1080 1142 1122 caussam
1155 1085 1213 1120 ease

131 1150 273 1203 eunuchis.
287 1181 323 1190 -
335 1153 447 1213 Balnea,
461 1167 520 1220 quas
536 1147 644 1219 probris
660 1147 769 1201 infamia
783 1159 874 1210 eraut,
888 1150 977 1214 intrat,
993 1147 1096 1211 nudus,
1116 1163 1146 1204 ut
1164 1152 1214 1205 ad-

131 1247 228 1305 spectu
241 1231 352 1305 grandia
366 1233 490 1286 mentula
502 1231 594 1286 oculos
605 1242 718 1302 pascant
727 1231 848 1285 lavantes
859 1230 984 1284 mulieres
993 1232 1099 1305 virique
1111 1235 1213 1290 molles.

130 1319 211 1373 Coul.
220 1319 280 1385 tx,
295 1317 346 1384 35;
359 1317 415 1382 XI,
429 1315 494 1381 1563
507 1316 625 1370 Martial.
638 1316 667 1378 I,
677 1335 722 1386 97,
738 1332 767 1368 rr
782 1331 837 1386 seq.
850 1314 963 1368 0001-
975 1321 1098 1369 Provocat
1109 1321 1216 1392 mapi-

130 1401 229 1456 tudine
240 1401 319 1474 penis
331 1401 422 1472 ipsum
431 1403 552 1452 custodem
565 1402 626 1451 vitis
638 1413 662 1451 et
672 1402 751 1460 lrortr',
764 1398 906 1470 Priapum,
919 1400 996 1472 cujus
1007 1403 1125 1455 mentula
1134 1423 1215 1458 enor-

133 1485 185 1538 mis
200 1484 328 1556 lingitur,
343 1497 370 1537 et
383 1484 494 1538 001000
509 1481 591 1536 modo
603 1481 758 1548 hortorum,
771 1480 818 1534 sed
831 1482 912 1535 etiam
922 1483 1076 1550 vinearum,
1088 1504 1216 1557 agrorum

130 1569 314 1640 villarumque
328 1567 449 1622 custodia
460 1567 687 1623 committebatur.
699 1577 708 1602 ¹
719 1597 754 1608 ·-
764 1571 787 1618 A
798 1567 913 1627 dominu,
926 1567 983 1638 ejus
993 1568 1080 1638 jussu.
1096 1572 1215 1630 Domino,

132 1671 210 1709 uaor.
225 1652 306 1706 Conf.
320 1669 403 1724 supra
415 1649 449 1704 ad
461 1670 502 1704 vs.
517 1648 558 1702 30.

168 1801 240 1847 Vsa.
260 1799 319 1860 377.
339 1799 432 1846 Dumm
447 1796 518 1862 jum,
539 1812 581 1844 00.
601 1821 638 1834 -
659 1797 789 1858 Postume,
807 1811 861 1844 nou
873 1795 1218 1863 Postlmme,17-aa,85,

134 1899 199 1950 quos
208 1893 328 1949 sequutus
340 1898 403 1930 sum.
416 1881 488 1930 cont.
499 1896 554 1944 sup.
566 1878 596 1928 ad
609 1897 644 1928 vs.
657 1896 699 1929 00.

169 1983 241 2029 Vsa.
262 1980 320 2036 378.
337 1977 500 2026 Tondendum
512 1976 625 2024 revocavi
636 1991 668 2022 ex
683 1983 794 2034 04-04,
805 1977 847 2034 56,
859 1976 901 2035 60,
910 1977 953 2037 60,
963 1978 1006 2037 61,
1016 1977 1059 2038 65,
1070 1979 1112 2039 68,
1123 1980 1165 2042 69,
1176 1996 1218 2040 70,

135 2081 178 2127 70,
190 2081 238 2127 77,
252 2073 277 2111 et
288 2049 404 2110 omuillua
417 2061 498 2112 Codd.
510 2060 588 2108 Paris.
600 2059 761 2107 Trrudeudum
772 2059 799 2106 iu
809 2058 933 2123 plerisque
944 2059 1012 2107 editt.
1024 2061 1097 2108 etiam
1108 2063 1230 2110 Ηο0010.·

170 2155 241 2209 Nor.
262 2152 411 2225 376-378.
431 2153 570 2206 Obscurus
582 2153 672 2217 locus,
689 2153 764 2224 cujus
779 2170 885 2205 sensum
900 2153 938 2206 ita
949 2165 1023 2207 recte
1035 2153 1102 2206 mihi
1117 2154 1219 2226 cepisse

136 2236 230 2291 videor
243 2257 250 2291 :
265 2237 337 2291 Talia
351 2236 493 2291 eunuchus
503 2273 511 2300 ,
520 2235 570 2290 etsi
583 2236 652 2289 beue
664 2235 840 2298 mentulatus,
850 2238 968 2299 domnius,
979 2237 1141 2290 concumbat
1151 2255 1219 2290 cum
1252 2253 1253 2256 ’

135 2325 252 2387 domiuo,
263 2324 378 2394 conjuge
388 2333 447 2383 tua,
462 2319 607 2384 Postume,
618 2338 678 2392 qua
687 2339 719 2373 ex
730 2340 763 2374 00
772 2338 827 2372 000
838 2318 951 2391 gravida
959 2319 1017 2386 deu
1031 2319 1078 2374 sed
1086 2325 1217 2384 Bromium,

135 2425 270 2478 puerum,
282 2406 460 2467 0010000000,
475 2404 656 2458 concubinum
668 2416 744 2456 tuum
757 2404 843 2473 (tone
852 2407 991 2478 juvenem,
1005 2419 1037 2460 ut
1048 2419 1159 2478 putant,
1173 2406 1221 2460 de-

135 2491 265 2556 licatum,
277 2489 422 2541 formosum
434 2500 461 2540 et
472 2497 622 2549 comatum,
637 2497 667 2539 ut
678 2485 793 2556 Bpo'ptoc,
804 2486 948 2556 Bacchus),
964 2489 1072 2560 quijam
1083 2493 1157 2542 dunas
1167 2503 1218 2556 est,

135 2573 189 2626 boc
203 2584 259 2638 est,
274 2569 386 2623 duratus
399 2589 431 2623 ac
443 2570 538 2622 firmus
555 2567 590 2622 ad
605 2569 708 2622 labores
724 2570 861 2640 corporis,
875 2571 917 2622 vel
930 2570 1056 2625 robustus
1069 2591 1102 2626 sc
1115 2575 1217 2638 virilis,

129 2659 238 2725 jamque
249 2657 396 2714 tondendus,
412 2653 465 2706 hoc
477 2667 533 2716 est,
549 2651 686 2714 barbatus,
698 2651 854 2724 hujusmodi
866 2655 976 2706 eunuclto
989 2659 1139 2726 committere
1149 2663 1217 2720 0011,

136 2742 189 2794 1000
201 2753 259 2806 est,
273 2757 340 2792 care
351 2737 472 2809 patiaris,
486 2737 562 2788 illum
574 2735 651 2808 quasi
664 2754 725 2789 cum
739 2735 791 2788 hoc
805 2733 1006 2791 descenderem
1021 2753 1154 2794 certamen
1166 2755 1221 2794 stu·

135 2823 197 2896 pri,
210 2820 290 2875 uxori
302 2833 354 2873 tue
366 2817 513 2882 inferendi,
530 2836 613 2888 quum
622 2818 770 2871 verendum
780 2818 828 2886 sit,
841 2821 987 2876 0010000100
999 2823 1141 2877 confestim
1153 2843 1219 2878 con-

136 2907 228 2978 cipiat.
246 2935 283 2945 -
300 2905 451 2955 Comms'ttem
467 2913 506 2955 est
524 2900 595 2953 idem
607 2899 681 2972 quod
698 2922 841 2969 comportem
857 2917 884 2957 et
901 2924 1059 2974 comparare,
1079 2925 1139 2978 quas
1156 2921 1220 2962 suut

135 2990 222 3042 rerba
235 2988 347 3051 theatri,
361 3004 448 3040 arenas
459 2999 486 3039 et
497 2985 650 3039 certaminis
664 2984 767 3056 publici
781 2987 892 3060 (ἀγῶνος
905 2992 1046 3059 μουσικοῦ),
1065 2990 1099 3060 60
1112 2993 1218 3063 poetis,

136 3073 330 3136 histrionibus,
347 3071 452 3134 mimis,
469 3069 580 3123 musicis
591 3083 618 3122 et
627 3070 700 3140 iupr.
711 3068 917 3141 gladiatoribus,
929 3090 1045 3144 quorum
1056 3076 1133 3146 paria
1145 3095 1218 3130 com·

136 3161 324 3233 ponebantur,
337 3169 367 3210 ut
376 3156 491 3210 invicem
501 3166 661 3226 pugnarent.
676 3154 772 3207 Similis
783 3156 859 3209 locus
873 3175 955 3230 supra
966 3157 996 3223 1,
1013 3161 1078 3226 060,
1093 3159 1157 3227 163,
1171 3161 1218 3215 ubi

137 3242 203 3300 ride
216 3251 339 3296 notam¹

565 3325 797 3346 mmmmm

177 3477 188 3504 ¹
206 3470 307 3519 Confer.
326 3467 451 3532 Antipatri
467 3465 551 3530 Epigr.
566 3465 611 3524 tv,
629 3465 656 3512 iu
701 3467 859 3531 pistrinarios
868 3471 910 3530 sit,
922 3471 960 3518 rel
970 3471 1131 3531 asiuotrudI,
1142 3473 1170 3521 in
1179 3475 1218 3523 lo·

139 3548 329 3600 Brunck.Anal.
339 3559 398 3597 tom.
406 3550 446 3608 11,
456 3563 512 3612 pag.
525 3562 555 3607 73
568 3545 657 3609 lleyne
702 3563 759 3598 cum
772 3549 849 3610 asini,
863 3550 907 3614 qui
920 3562 1001 3600 verset
1014 3553 1104 3614 molas,
1121 3551 1216 3612 suffici,

139 3633 168 3680 in
181 3631 257 3680 Obss.
272 3628 304 3677 06
317 3627 408 3678 Tibull.
421 3630 449 3687 1,
468 3627 493 3687 5,
509 3641 554 3687 07;
569 3625 656 3673 Catull.
701 3628 735 3676 ita
751 3626 777 3676 lt.
797 3629 813 3678 l.
833 3631 923 3679 Juteu.
941 3631 1087 3680 committere
1105 3632 1215 3680 00000100

139 3713 219 3770 m,
232 3708 358 3769 155Diorl.
367 3710 410 3766 tv,
419 3709 445 3768 6,
454 3717 478 3754 00
485 3706 515 3753 al.
523 3707 560 3754 De
567 3706 656 3770 Priapo
702 3707 752 3755 6101
768 3725 815 3772 pro
833 3710 975 3759 eunuchum
992 3709 1100 3771 tradere,
1117 3728 1162 3760 ssu
1181 3713 1216 3760 fa-

138 3791 197 3838 0160
210 3789 337 3838 Crcuaer's
348 3787 487 3849 Symbolik,
502 3796 518 3834 t
531 3787 568 3845 11,
581 3801 607 3849 p.
621 3787 655 3842 46
700 3803 767 3848 0000,
780 3800 897 3850 castrare,
906 3801 931 3838 et
939 3791 1046 3854 exprimi
1054 3791 1216 3854 proverbium

139 3887 192 3936 seq.
207 3887 254 3932 007
266 3885 316 3934 seq.
327 3879 344 3916 t.
355 3871 404 3929 111,
415 3885 468 3932 pag.
480 3867 541 3914 225·
700 3865 795 3936 βρέμων
808 3867 954 3933 0600071100,
965 3887 990 3935 q.
1004 3870 1029 3917 6.
1043 3872 1096 3919 0011
1110 3883 1215 3921 castrare

177 3957 189 3984 ²
207 3948 407 4015 Interpretationi
420 3963 480 3995 mera
495 3947 579 4012 paucis
594 3944 653 3992 sub·
699 3949 838 3997 catamitum
850 3949 900 4011 jam
914 3949 1085 4016 grandiorem,
1104 3967 1136 3999 ue
1151 3953 1215 4002 forts

137 4027 655 4096 30003ωο1100.50011006601011000001,
699 4030 774 4076 uxori
796 4040 842 4077 tuas
863 4031 920 4078 usui
942 4029 979 4077 sit.
1002 4030 1171 4094 Sullragantur
1190 4035 1214 4081 ei
1273 4037 1276 4044 ’

139 4111 353 4176 quemadmodum
368 4109 405 4156 ibi
421 4108 492 4156 asino
508 4106 605 4155 trudere
621 4105 655 4152 si·
699 4110 791 4172 Grang.
807 4117 832 4156 et
847 4111 921 4157 Voss.
936 4109 968 4156 ad
980 4109 1066 4158 Catull.
1077 4127 1102 4174 p.
1116 4113 1177 4172 064,
1190 4124 1214 4160 et

138 4191 240 4258 guilicet
254 4193 334 4240 facere
349 4190 458 4251 asinum,
473 4188 510 4238 rel
526 4200 555 4236 ut
572 4188 655 4237 001000
700 4188 765 4252 inpr.
782 4191 848 4252 606,
864 4191 914 4236 nisi
926 4189 994 4254 quod
1005 4190 1046 4238 ille
1058 4201 1140 4260 putat,
1152 4193 1215 4240 ado·

224 4273 255 4339 I.
1040 4273 1081 4338 30
1169 4343 1170 4348 ¹
