3134 4990
418 418 472 484 IN
495 419 727 486 stutustt
749 419 971 489 SEXTAM.
1166 427 1228 494 525

157 523 305 580 Claudium
316 527 385 601 Imp.
403 532 482 582 boleto
497 544 629 586 venenato
639 533 770 588 exctinxit
784 535 902 607 (dequo
912 534 975 590 vide
991 535 1024 590 ud
1036 537 1071 604 V,
1085 541 1133 603 146
1147 544 1231 612 serp),

154 612 238 662 minus
247 615 338 665 nocem
348 612 417 679 fuit,
432 615 475 667 tel
487 615 579 668 nocuit
589 617 705 688 imperio
714 636 845 685 romano,
857 637 937 692 quatu
949 619 1080 692 flagitium
1091 622 1231 688 Catonia,

154 709 220 762 qua·
230 696 342 748 venenis
349 696 451 768 philtro
460 697 557 750 infusis
568 698 717 770 Caligulam
727 700 833 773 impulit
842 701 871 754 in
884 701 1017 766 furorem,
1026 721 1080 773 quo
1091 704 1234 760 instinctus

157 774 206 829 itte
220 777 248 830 in
262 797 354 832 omnes
363 780 463 832 saeviit:
474 779 520 834 illo
530 781 601 834 enini
611 782 711 836 scelere
723 801 778 836 non
792 783 938 848 uicinum,
949 794 977 837 et
988 782 1097 856 quidem
1109 805 1187 840 senex
1201 807 1232 841 nc
1313 831 1314 838 ,

159 857 246 915 fotius
256 900 265 927 ,
275 862 374 924 homo,
388 863 439 917 lsoc
450 863 577 936 perniulti
586 865 697 938 periere.
709 897 746 906 -
759 870 872 926 Boletum
883 864 946 918 vide
958 864 993 919 ad
1005 867 1082 932 XIV,
1096 867 1122 920 8.

194 959 264 1013 Non.
283 963 345 1016 das.
363 964 505 1014 Pmcordin
521 964 628 1030 pressit,
645 981 693 1016 cor
709 961 867 1035 compressit
881 963 907 1016 vi
924 962 1037 1026 veneni,
1053 964 1107 1018 hoc
1122 978 1173 1028 est,
1188 985 1235 1018 nc·

158 1042 234 1176 {avit
245 1061 345 1177 slpnenu
359 1041 487 1098 Claudius
499 1043 611 1100 excessit
622 1063 693 1098 anuo
706 1042 789 1098 utatis
801 1045 910 1110 thv3
927 1043 1078 1100 videsset.
1092 1047 1140 1110 tt,
1155 1059 1181 1101 et
1196 1047 1234 1100 ibi

185 1142 248 1179 assu
271 1167 278 1178 .

195 1295 264 1344 Vn.
282 1297 342 1346 dnn.
355 1297 511 1348 Descenderit
521 1299 612 1362 suasit,
625 1302 668 1360 46,
677 1308 719 1362 47,
729 1301 772 1362 48,
783 1301 826 1359 58,
837 1301 880 1364 64,
891 1301 933 1352 tt.

195 1391 264 1440 Vn.
275 1393 335 1442 623.
343 1393 454 1458 Longam
460 1393 590 1443 muria
599 1394 671 1444 labra
677 1391 784 1444 saliam
793 1412 841 1462 pro
852 1395 927 1464 longo
936 1395 1065 1445 mantin
1074 1396 1146 1446 labra
1154 1397 1234 1447 saliva

160 1473 258 1522 restitui
268 1491 300 1522 cx
312 1491 356 1538 ro,
368 1491 414 1536 rr,
426 1485 473 1537 rt,
485 1479 530 1539 15,
539 1479 652 1540 tsi—op,
663 1479 779 1538 45-50,
791 1479 903 1540 54-67,
914 1479 962 1542 69,
973 1488 1089 1541 71-74,
1098 1495 1145 1541 77,
1154 1480 1201 1541 tt,
1210 1489 1235 1527 et

160 1555 239 1604 nv
248 1556 326 1608 Codtl.
339 1560 415 1609 l’tris.
426 1557 543 1624 qdouitrn
553 1561 594 1610 ills
604 1561 676 1610 lectio
690 1571 715 1609 et
728 1560 825 1609 doctior
836 1570 887 1621 ost,
901 1570 926 1610 et
936 1563 1025 1622 rutjorl
1037 1561 1179 1610 auctoritate
1192 1560 1236 1609 lir-

160 1648 256 1700 natur,
264 1640 292 1688 in
301 1641 347 1689 lise
355 1652 436 1692 autem
446 1652 483 1691 tot
491 1639 658 1710 lputtrltture
668 1659 738 1692 aures
747 1643 885 1692 offendunt.
896 1644 967 1693 Conf.
977 1645 1021 1693 ini.
1029 1645 1061 1692 nd
1069 1645 1128 1705 XV,
1140 1645 1202 1705 rto,
1211 1655 1237 1692 et

159 1720 228 1784 iupt.
240 1721 327 1772 licius.
337 1723 369 1772 sd
380 1723 454 1772 Ovid.
462 1725 523 1772 Mat.
533 1726 584 1786 VI,
596 1727 646 1774 irs
653 1760 661 1786 ,
669 1724 714 1774 nbi
723 1726 806 1774 multis
814 1725 932 1791 sumplis
939 1725 1025 1787 docet,
1035 1725 1110 1774 verbu
1119 1741 1235 1782 mamre,

149 1803 231 1870 stem,
243 1805 341 1870 pluero,
354 1805 459 1870 stillare,
468 1823 561 1866 toron,
574 1819 599 1857 ot
611 1805 701 1858 sinilia
714 1825 781 1858 nunc
792 1820 879 1875 quarto
891 1810 973 1870 casui,
985 1826 1053 1858 nnnc
1063 1820 1133 1858 sexto
1143 1811 1223 1875 jungi.

196 1896 277 1952 Nor..
287 1901 353 1964 622,
364 1899 425 1952 623.
437 1899 498 1953 Alia
509 1912 536 1953 ct
547 1899 656 1972 quidem
669 1897 760 1972 lepida
773 1918 883 1962 caussa,
899 1919 948 1954 cur
963 1901 1066 1953 lucinus
1078 1900 1236 1972 Agrippinen

159 1999 217 2035 uon
229 1979 296 2034 eden
309 1993 389 2054 turpe
398 2001 431 2038 sc
442 1985 584 2038 scelestum
594 1985 643 2048 sit,
656 2001 671 2037 a
681 1981 853 2036 deformitate
866 1981 972 2036 Claudii
983 1980 1095 2053 petitur,
1108 2000 1163 2054 quo
1174 2001 1236 2053 spe-

159 2071 369 2120 ctsntmmnlsm
378 2081 486 2136 caputet
495 2072 567 2121 lubra
577 2070 707 2120 manantia
716 2071 815 2138 longam
826 2068 937 2118 salivam.
947 2067 999 2122 Res
1010 2077 1075 2118 nota
1085 2066 1127 2118 tel
1138 2063 1235 2120 eSuet.

160 2151 258 2206 cnud.
270 2149 314 2217 ³0,
328 2163 356 2204 et
367 2152 449 2205 Dion.
461 2152 536 2206 Cast.
548 2153 622 2206 LIX.
633 2182 670 2192 —
682 2156 758 2218 caput
773 2149 1000 2218 &soendsrsjusss't
1013 2150 1039 2200 in
1054 2150 1156 2213 culum,
1168 2150 1236 2202 salse

157 2235 314 2308 junctisque
325 2236 466 2290 conunriis
475 2235 510 2290 de
520 2235 635 2290 Claudio
645 2247 673 2289 et
683 2233 717 2288 de
727 2234 928 2287 consecutione
940 2233 1001 2286 talis
1011 2230 1141 2291 hominis.
1156 2249 1236 2304 quern

160 2329 189 2372 et
197 2317 299 2397 Scnect
308 2320 336 2372 in
347 2316 412 2372 ludo
422 2319 468 2372 illo
481 2316 516 2372 de
524 2330 612 2372 morte
620 2318 652 2371 C.
663 2315 776 2369 cesari·
786 2315 864 2386 fingit
874 2315 945 2369 inter
956 2314 1034 2370 divos
1049 2316 1165 2368 relttunr
1179 2315 1236 2387 qui·

159 2399 238 2462 dem,
254 2399 301 2454 sed
313 2412 456 2457 accusante
464 2402 498 2453 D.
509 2404 631 2471 Augusto
641 2399 668 2450 in
677 2395 779 2470 judicio
789 2397 909 2449 Deorum
917 2396 1088 2458 damnatum.
1102 2411 1128 2451 et
1140 2399 1238 2452 allier-

159 2484 240 2538 cnrio
251 2485 359 2538 obtorto
370 2484 440 2538 collo
453 2483 488 2536 td
502 2484 605 2536 inlerot
617 2494 733 2536 tractum
749 2499 815 2534 etse.
834 2479 911 2534 ldem
921 2481 1022 2535 Seneca
1035 2482 1125 2536 lucete.
1134 2495 1163 2550 et
1173 2481 1238 2537 deos

160 2564 270 2620 induxit
280 2566 398 2621 ridente·
407 2566 551 2621 tremulum
561 2564 669 2620 Claudii
682 2575 766 2636 ceput
776 2581 925 2636 vocemque
938 2571 1063 2625 raucam,
1079 2575 1106 2620 et
1117 2583 1195 2618 stiunt
1206 2567 1237 2618 li-

48 2691 55 2706 .
160 2651 244 2704 hrum
252 2668 307 2704 nou
316 2651 447 2702 amttam
456 2648 608 2720 inscripsit,
621 2648 668 2704 sed
678 2648 981 2720 &conclusionumque
991 2649 1120 2709 destinor<
1130 2649 1238 2703 Claudii

161 2731 260 2788 ellectu
268 2732 345 2805 quusi
355 2747 396 2788 est
407 2750 454 2787 esu
464 2732 560 2795 boleti,
570 2733 725 2797 κολοκύνθης,
736 2749 782 2784 seu
794 2732 949 2796 κολοκὺνπις,
963 2731 1039 2804 quod
1051 2719 1105 2785 cibi
1116 2751 1200 2804 genus
1211 2732 1236 2786 ei

161 2815 348 2888 gratissimum
360 2827 432 2884 erat,
442 2827 469 2869 et
478 2814 505 2867 iu
516 2833 570 2886 quo
579 2827 721 2888 acceperut
731 2831 881 2890 venenum
898 2813 971 2867 unde
982 2815 1085 2869 boletos
1099 2817 1197 2866 deorum
1207 2817 1240 2866 ci·

160 2903 222 2950 huss
235 2899 370 2972 appellare
388 2899 493 2952 solebat
509 2898 596 2965 Nero,
609 2910 676 2952 teste
693 2900 766 2952 Suet.
781 2919 806 2954 c.
825 2897 867 2951 33.
882 2898 963 2952 cont.
980 2897 1015 2952 ad
1026 2898 1063 2964 V,
1083 2905 1140 2970 147.
1150 2900 1237 2951 Vetus

159 2981 250 3036 Scltol.
260 3006 272 3029 ι
279 2985 309 3034 In
319 2987 406 3034 calum
414 2979 506 3035 ridens
514 2999 565 3052 pro
574 2983 611 3032 ad
619 2983 722 3051 inseror,
734 2991 762 3033 et
772 2981 918 3048 apotheosin
929 2979 1041 3035 deridet.
1050 3006 1062 3028 ι
1073 2981 1175 3034 Britan·
1187 3001 1237 3034 no-

163 3077 219 3131 tat,
231 3083 281 3137 per
291 3065 415 3120 eumdem
425 3066 517 3138 jocum
525 3062 625 3118 dixisse
633 3064 726 3118 Seuec.
740 3069 916 3131 Posteaquam
928 3065 1046 3116 Claudius
1057 3067 1083 3115 in
1094 3069 1181 3118 colum
1190 3068 1236 3116 de-

162 3151 271 3211 mit,
287 3148 393 3202 eistat.
409 3147 437 3200 in
449 3145 513 3200 Silv.

382 3244 495 3292 Nondum
506 3242 650 3306 stelligerum
663 3243 743 3291 senior
753 3245 867 3293 demissus
878 3247 903 3294 in
916 3261 989 3295 axem.
1002 3255 1009 3280 ¹

163 3360 199 3371 -
208 3328 338 3383 Eandem
351 3331 494 3383 verborum
506 3328 575 3382 iuter
585 3327 810 3401 se'oppositorum
822 3330 1039 3402 conjunctionem
1054 3330 1127 3402 apud
1140 3343 1234 3404 poetas

166 3431 238 3487 stepo
247 3413 368 3468 invenire
377 3424 425 3466 cst.
436 3412 482 3465 Sic
490 3411 564 3484 apud
574 3419 604 3466 Ρ.
619 3415 751 3478 corrodia,
762 3415 853 3465 Cinna.
865 3423 916 3466 act.
926 3413 969 3474 11,
984 3431 1022 3467 sc.
1036 3431 1063 3466 r:

353 3527 366 3548 ι
375 3509 405 3554 lit
416 3505 497 3554 monti
508 3522 551 3554 snt·
561 3507 583 3554 le
593 3507 663 3565 luite,
676 3509 692 3555 il
704 3509 781 3571 aspiro
792 3509 805 3555 l
815 3509 952 3556 descendi-e.
960 3529 973 3550 ι

164 3597 197 3650 Et
209 3599 317 3662 Gilbsn,
330 3599 390 3647 Mon
402 3597 533 3666 Apologie‚
544 3593 577 3649 de
588 3607 705 3649 nostrate
716 3601 752 3648 Ln
763 3601 845 3664 Harpa

352 3693 463 3741 «Tornlts
473 3691 503 3740 tle
514 3693 584 3742 eltuto
595 3710 625 3741 en
636 3694 707 3742 chutc
717 3710 747 3742 su
759 3696 829 3741 trono
839 3691 998 3754 scade'nsiqus.
1006 3713 1019 3733 ι
1160 3695 1204 3739 En.

589 3867 817 3888 mfflssbffl

203 3997 212 4023 ¹
232 3993 324 4042 Confer
336 3991 494 4054 Scaligeru'tu,
510 3989 578 4036 Poet.
591 3990 640 4048 vt,
655 3999 679 4036 et
723 3956 838 4036 scendet-c
852 3987 960 4051 primum
976 3987 1003 4036 iu
1017 3985 1116 4046 caelutn,
1128 3997 1152 4035 et
1164 3986 1234 4036 breti

166 4071 279 4120 Goldsst.
302 4071 333 4120 td
355 4069 514 4127 Petronium,
541 4084 595 4132 png.
620 4083 679 4128 7¹7·
724 4075 780 4131 post
791 4065 822 4113 ad
833 4065 924 4112 inferos
935 4065 1112 4115 descendere.»
1127 4069 1180 4114 lloc
1191 4083 1235 4115 uo·

167 4175 178 4194 ι
186 4150 339 4201 Descendens
351 4149 376 4196 in
389 4150 475 4198 calum
485 4148 568 4197 festive
578 4164 624 4212 pro
633 4147 680 4194 ad·
726 4146 785 4192 tavit
799 4142 940 4194 delinitum.
