3122 4986
481 477 668 545 ss'rtns
691 475 894 544 OCTAVA.
1153 475 1213 541 631
1271 543 1274 548 .

157 589 240 658 Ossa
255 591 345 662 vides
360 615 478 687 regum
494 594 607 663 vacuis
621 607 756 662 cmucta
769 591 935 662 medullis.
1183 621 1218 668 ⁹⁰

187 695 192 702 “
205 701 367 796 Respice,
385 701 469 796 quid
487 716 648 770 moneant
663 701 771 797 leges,
787 701 871 798 quid
887 701 981 771 curia
995 699 1145 786 mandet,

155 809 295 879 Praemia
308 827 433 907 quanta
448 812 555 882 bonos
570 827 746 898 maneant,
761 835 862 907 quarn
875 809 1017 880 fulmine
1031 809 1122 902 justo

155 921 199 988 Et
209 921 328 1015 Capito
342 937 377 990 at
388 923 548 992 Numitor
562 923 708 1009 ruerint,
720 921 901 990 damnante
916 934 1050 1006 senatu,

157 1029 274 1099 Piratae
288 1029 447 1100 Cilicum:
463 1031 522 1102 sed
536 1031 618 1126 quid
633 1031 803 1100 damnatio
816 1029 965 1116 confert,

155 1139 269 1228 Quum
283 1140 390 1209 Pansa
406 1141 542 1235 eripiat,
561 1140 726 1235 quidquid
740 1140 803 1209 tibi
819 1143 923 1212 Natta
937 1137 1096 1234 reliquit?
1185 1153 1218 1221 9⁵

88 1337 93 1345 ·
156 1250 366 1338 Praeconem,
380 1251 580 1346 Chaerippe,
597 1251 662 1320 tuis
677 1251 896 1346 circumspice
911 1249 1048 1345 psnnia

155 1359 296 1453 Jamque
311 1374 394 1429 tace.
408 1363 519 1430 Furor
534 1375 600 1447 est,
616 1376 695 1456 post
708 1360 822 1430 omnia
837 1359 981 1456 perdere
992 1357 1146 1428 naulum.

157 1469 235 1536 Non
251 1468 341 1538 idem
356 1469 499 1563 gemitus
514 1468 612 1559 olim,
629 1495 740 1565 neque
757 1469 880 1538 vulnus
895 1483 969 1538 erat
983 1490 1045 1563 par

153 1577 377 1666 Damnorum,
391 1580 489 1649 sociis
503 1579 702 1650 florentibus
713 1596 748 1649 et
762 1577 866 1649 modo
880 1579 987 1649 victis.

154 1683 255 1755 Plena
269 1686 388 1757 domus
402 1703 484 1758 tunc
497 1690 625 1775 omnis,
645 1703 680 1758 et
694 1689 814 1784 ingens
830 1687 939 1758 stabat
949 1670 1093 1757 ‘acmvus
1169 1717 1219 1753 too

154 1797 361 1885 Numorum,
377 1800 542 1893 Spartana
557 1797 725 1894 chlamys,
743 1797 924 1892 conchylia
940 1797 1026 1882 Coa,
1138 1786 1142 1795 ¹

154 1907 198 1974 Et
217 1930 294 1975 cum
312 1907 476 1976 Parrhasii
495 1907 618 1978 tabulis
634 1907 804 2001 signisque
819 1906 975 2002 Myronis

154 2015 351 2086 Phidiacum
366 2017 501 2086 vivebat
512 2019 695 2104 ebur,·nec
710 2041 782 2085 non
798 2014 961 2110 Polycleti

155 2123 283 2194 Multus
295 2126 421 2220 ubique
436 2124 546 2196 labor:
564 2149 647 2194 raras
661 2125 734 2194 sine
749 2127 911 2193 Mentore
926 2147 1062 2192 mensae.

150 2353 242 2412 avaris
256 2353 474 2429 provinciarum
489 2351 631 2429 prefectis
648 2353 802 2428 spoliatos,
819 2372 853 2411 ac
867 2363 1006 2428 tauquam
1019 2367 1082 2410 ossa
1098 2351 1221 2410 exsuctis

148 2445 218 2522 ipsis
230 2443 363 2502 medullis
377 2444 465 2515 sicca,
483 2443 588 2519 opibus
602 2456 715 2502 exutos.

185 2555 235 2612 9¹·
250 2534 408 2592 Considera
418 2534 489 2610 quid
499 2514 771 2612 psammathiae,
785 2535 857 2610 quid
865 2545 979 2594 senatus
986 2534 1101 2608 jubeat,
1114 2533 1219 2609 quibus

145 2629 270 2706 premiis
285 2627 447 2686 afficiantur
461 2628 564 2703 probi,
580 2647 667 2704 quam
680 2628 772 2688 atroci
780 2628 914 2704 justaque
926 2627 1081 2699 sententis,
1097 2645 1151 2684 ceu
1163 2625 1219 2683 fut-

147 2720 238 2793 utine,
259 2718 384 2795 perculsi
399 2719 502 2795 Capito
517 2719 711 2796 Numitorque
726 2720 852 2791 merim,
874 2731 904 2778 et
921 2739 938 2776 a
958 2729 1059 2778 senatu
1078 2718 1219 2776 condem-

150 2813 228 2884 nati;
242 2811 539 2887 piratarumcilicum
554 2811 668 2888 piratas,
683 2831 716 2870 ac
731 2813 877 2868 latronum
892 2813 1027 2869 latrones.
1045 2811 1219 2884 Quanquam

152 2903 224 2980 quid
237 2903 357 2961 miseros
370 2902 561 2978 provinciales
573 2903 671 2977 juvat,
688 2902 769 2978 quod
779 2901 883 2976 aliquis
895 2901 1053 2976 provincia
1067 2900 1218 2977 praelectus

153 2994 240 3054 luerit
252 2995 473 3065 condemnatus,
488 2995 605 3071 siquod
612 2996 680 3071 ipsis
691 2994 835 3070 reliquum
846 2995 932 3052 Natta
945 2994 1012 3052 fecit
1018 3034 1029 3066 ,
1042 2996 1131 3052 Pansa
1141 2991 1219 3050 ture·

154 3101 202 3148 tur
212 3099 241 3146 et
252 3087 379 3146 adimat?
394 3087 427 3146 Si
440 3106 488 3145 rus
498 3087 589 3158 sudis,
607 3087 773 3162 Cratippe,
789 3103 899 3162 quaeres
912 3086 968 3144 tibi
976 3104 1154 3162 preconem,
1168 3085 1220 3160 qui

153 3181 285 3239 auououe
299 3181 454 3238 constituta
469 3189 562 3238 vestes
578 3189 641 3236 tuas
656 3187 686 3237 et
702 3180 907 3254 supellectilem
925 3179 1033 3236 vendat
1051 3201 1058 3236 :
1081 3197 1149 3236 mox
1167 3179 1221 3236 ubi

153 3271 303 3350 pecuniam
316 3291 352 3330 ex
362 3272 398 3330 iis
411 3271 555 3331 rsdaotm
570 3270 601 3328 iu
614 3281 678 3328 tuto
690 3271 891 3342 collocaveris,
911 3269 1021 3342 silebis,
1034 3287 1129 3346 neque
1141 3289 1218 3346 prae·

152 3365 259 3424 t‘ectum
270 3374 452 3422 accusaturus
467 3365 591 3421 Romam
604 3373 633 3420 te
651 3361 796 3434 conferes,
813 3363 896 3420 nullo
910 3361 983 3420 tanti
997 3361 1105 3420 laboris
1119 3371 1149 3420 et
1166 3362 1219 3418 iti-

153 3455 229 3514 nsris
243 3469 338 3531 operas
351 3454 466 3532 pretio:
481 3455 600 3532 insignis
618 3455 769 3513 dementias
783 3466 872 3529 esset,
887 3471 977 3531 quum
992 3453 1103 3530 reliqua
1117 3451 1221 3529 perdi·

152 3547 244 3619 daris,
254 3548 339 3606 etiam
350 3547 444 3625 longer
453 3547 644 3625 navigationis
652 3545 794 3623 impensas
803 3549 878 3606 velle
890 3547 1029 3606 amittere.
1038 3545 1117 3606 Olim
1128 3563 1219 3621 quum

153 3639 225 3700 socii
239 3641 332 3698 nostri
345 3638 481 3698 florentes
495 3659 528 3698 ac
543 3639 614 3698 lauti
628 3651 724 3712 crant,
744 3659 835 3716 quum
849 3659 949 3700 recens
964 3659 980 3697 a
994 3638 1079 3698 uobis
1095 3639 1219 3713 imperio

155 3731 299 3806 adjuncti,
314 3731 422 3790 minori
434 3733 540 3790 damno
553 3752 586 3790 ac
598 3732 701 3792 dolore
712 3733 925 3809 spoliabantur,
942 3743 1011 3788 tunc
1023 3730 1110 3788 etism
1121 3730 1220 3788 muss-

154 3823 263 3881 dsbant
277 3843 378 3882 eorum
401 3824 504 3882 domus
523 3826 614 3902 plena
633 3826 806 3884 coacervatis
822 3825 960 3898 nummis,
980 3823 1109 3882 vestibus
1128 3825 1220 3883 Laco·-

154 3915 241 3987 uicis,
257 3917 316 3974 Coa
330 3935 471 3993 purpura,
488 3918 661 3994 spirantibus
672 3917 776 3976 tabulis
786 3919 887 3994 pictis,
896 3928 925 3975 et
939 3914 1037 3974 statuis
1051 3934 1087 3972 ex
1100 3914 1189 3974 ebore
1202 3936 1220 3974 s

155 4010 272 4068 summis
290 4009 447 4068 artificibus
469 4012 634 4084 Parrhasio,
653 4016 794 4090 Myrone,
817 4010 933 4082 Phidia,
955 4008 1102 4085 Polyclcto
1123 4008 1219 4066 elabo-

156 4103 234 4162 ratis.
246 4103 429 4162 Renidcbsnt
441 4105 538 4164 omnia
549 4104 691 4182 praeclaris
701 4104 757 4162 illis
768 4101 905 4180 operibus
917 4123 924 4159 ε
941 4101 991 4160 vix
1001 4101 1090 4158 ullam
1100 4099 1219 4157 vidisses

93 4203 100 4216 ·
154 4213 279 4255 mensam
294 4194 355 4254 sine
372 4195 516 4270 pocul'na
537 4199 673 4258 Mentore
696 4196 808 4256 celatis.
834 4196 894 4254 Illas
917 4193 1051 4252 videlicet
1073 4192 1220 4251 sociorum
