3148 4990
500 425 690 490 stultis
718 425 894 491 PRIMA.
1190 427 1227 493 15

155 536 343 606 Ostendens
360 561 508 608 vacuam
523 553 559 607 et
574 537 719 606 clausam
734 563 797 632 pro
814 539 957 635 conjuge
973 538 1097 612 sellam.

157 647 250 719 Galla
263 671 342 716 mee
358 664 433 736 est,
449 649 580 744 inquit;
598 647 696 717 citius
713 647 870 717 dimitte:
888 648 1051 718 moraris?
1180 659 1228 712 ns

160 757 273 827 Proser
289 757 391 826 Galla
408 773 522 854 caput.
539 755 620 828 Noli
637 779 776 844 vexare,
792 759 944 852 quiescit.

207 870 283 963 Ipse
300 868 374 938 dies
389 867 537 964 pulchro
553 866 774 961 distinguitur
788 869 911 938 ordine
927 893 1062 937 rerum:

162 977 336 1072 Sportula,
353 977 479 1048 deinde
495 976 606 1046 lorum
620 977 772 1070 jurisque
788 979 916 1073 peritus
932 976 1055 1072 Apollo

163 1089 272 1181 Atque
288 1086 531 1182 triumphales,
548 1087 639 1156 inter
653 1111 735 1182 quas
751 1110 850 1156 ausus
865 1087 990 1156 habere

164 1198 287 1266 Nescio
303 1198 381 1292 quis
396 1196 515 1266 titulos
530 1197 709 1292 AEgyptius
724 1210 825 1291 atque
841 1196 1068 1282 Arabarches,
1185 1205 1234 1259 130

164 1307 267 1376 Cuius
283 1306 325 1374 ad
342 1306 494 1401 effigiem
510 1327 580 1375 non
597 1320 727 1374 tantum
742 1307 870 1374 meiere
886 1305 936 1375 fas
951 1320 1012 1376 est.
1107 1352 1109 1356 -

165 1414 350 1484 vestibulis
366 1415 495 1484 abeunt
507 1431 637 1486 veteres
653 1415 795 1508 lassique
810 1416 964 1502 clientes,

164 1525 319 1620 Votaque
336 1526 531 1620 deponunt,
546 1549 748 1622 quamquam
765 1526 956 1624 longissima
972 1551 1076 1596 coenae

165 1638 247 1730 Spes
263 1636 416 1704 homini:
433 1635 543 1705 caules
559 1637 691 1702 miseris
707 1649 806 1729 atque
823 1639 910 1727 ignis
926 1635 1097 1702 emeridus.

213 1747 352 1840 Optima
367 1745 536 1840 sylvarum
552 1746 681 1814 interea
696 1742 873 1838 pelagique
889 1744 1021 1812 vorabit
1187 1754 1235 1808 135

166 1858 239 1924 Rex
252 1855 395 1941 horum,
411 1855 591 1948 vacuisque
608 1853 690 1922 toris
706 1865 836 1922 tantum
853 1853 924 1946 ipse
937 1852 1072 1946 jacebit.

166 1968 254 2036 Nam
270 1964 313 2034 de
329 1981 382 2033 tot
396 1965 549 2060 pulchris
565 1979 600 2034 et
615 1962 688 2032 latis
703 1962 843 2031 orbibus
859 1977 976 2032 ettam

166 2074 341 2169 Antiquis,
356 2083 425 2142 uria
435 2074 624 2143 comeduut
640 2071 839 2168 patrimonia
853 2097 979 2146 mensas

168 2315 232 2374 dari
244 2327 324 2392 petat
337 2317 450 2374 absenti
464 2318 551 2376 uxori
567 2337 641 2390 sure,
662 2337 749 2394 quarn
764 2337 825 2376 esse
839 2316 924 2394 lingit
938 2319 970 2374 in
988 2337 1077 2376 vacus
1094 2319 1194 2376 lectica
1210 2331 1240 2377 et

167 2409 270 2466 clausa.
285 2432 298 2458 ι
307 2408 376 2478 Hic,
388 2408 496 2482 iuquit,
510 2411 589 2466 Galla
600 2421 658 2482 est,
667 2429 743 2467 uxor
751 2429 829 2480 rues,
837 2427 907 2479 oro,
917 2422 1075 2485 ucpatere,
1086 2419 1119 2467 ut
1131 2410 1238 2468 diutius

170 2511 323 2576 exspectet.
347 2500 428 2568 Quid
447 2501 568 2561 moraris
584 2511 679 2558 autem
687 2541 697 2568 ,
720 2513 749 2558 et
763 2502 922 2576 sportulam
937 2502 1079 2560 cunctaris
1095 2501 1185 2558 dare?
1199 2535 1240 2546 ·-

170 2594 258 2648 Juvat
267 2592 344 2648 illam
353 2591 446 2666 ipsam
459 2591 584 2663 intueri,
594 2592 691 2667 iuquit
701 2592 1043 2668 sportulaedisponsato13
1060 2613 1128 2670 ago,
1141 2595 1240 2667 Galla,

170 2684 245 2742 effer
256 2695 367 2758 upote
382 2683 496 2752 lectica,
510 2683 535 2740 si
550 2701 619 2740 vere
631 2683 678 2740 hic
696 2683 771 2740 ades.
783 2715 824 2726 -
837 2684 905 2740 Noli
921 2703 982 2742 erm
996 2686 1165 2756 inclmare,
1181 2704 1240 2742 mn-

170 2777 244 2834 ritus
257 2774 433 2850 responden
450 2793 525 2850 ogra
538 2787 596 2845 est,
611 2794 644 2832 ac
657 2774 788 2851 indulget
800 2795 936 2852 somno.»

213 2887 277 2940 ¹²7·
299 2872 513 2942 Prosequamur
525 2880 632 2928 ceteris
646 2869 704 2926 diei
717 2871 919 2944 occupationes
930 2869 1068 2947 egregias.
1083 2871 1154 2928 Post
1162 2887 1241 2927 aoce-
1300 2863 1302 2866 ’

169 2974 250 3038 pun
264 2983 283 3020 a
293 2963 383 3038 divite
392 2973 518 3038 patrono
531 2965 706 3039 sportulam,
718 2969 788 3020 ‘eum
800 2974 976 3020 assectantur
989 2980 1081 3037 usque
1097 2961 1129 3018 in
1144 2961 1242 3019 lorum

171 3055 312 3130 Augusti,
324 3055 377 3111 ubi
389 3054 511 3112 celebris
522 3055 572 3112 illa
583 3054 686 3114 visitur
699 3055 842 3130 Apollinis
857 3054 1029 3129 numqui
1042 3055 1199 3114 causidicos
1213 3064 1244 3111 et

169 3147 234 3204 lites
245 3146 377 3223 quotidie
390 3148 488 3220 audit,
503 3161 532 3207 et
542 3149 605 3207 aliae
618 3151 779 3225 complures
793 3149 898 3206 ducum
908 3160 942 3204 et
951 3147 1175 3222 imperatorum,
1191 3147 1243 3222 qui

170 3238 312 3313 uimphi
325 3239 470 3304 honorem
484 3239 679 3314 adeptisuut,
697 3240 774 3296 iuter
795 3245 865 3315 quos
878 3239 977 3296 nescio
993 3238 1058 3313 quis
1073 3237 1242 3314 AEgyptios,

170 3332 357 3390 autArabum
367 3332 502 3406 princeps
506 3351 583 3403 ,nou
591 3333 734 3390 dubitavit
742 3353 822 3389 sium
830 3329 1107 3408 poneremguilicis
1115 3329 1206 3386 titulis
1214 3341 1244 3386 et

170 3424 409 3500 inscriptionibus
425 3425 604 3501 insignitam,
618 3425 701 3499 juxta
716 3445 802 3501 quarn
816 3427 932 3482 urinam
945 3424 1068 3481 reddere
1083 3423 1170 3480 stinur'
1183 3441 1245 3480 non

171 3517 290 3592 impune
297 3519 375 3576 lices
386 3521 486 3577 Postea
497 3519 620 3578 redeunt
629 3519 747 3576 domum
757 3518 869 3593 antiqui
878 3519 1008 3586 clientes,
1018 3516 1184 3574 cursitando
1189 3517 1244 3572 ’de-

172 3610 302 3686 satigati,
323 3623 353 3668 et
371 3622 532 3685 asperim
549 3612 601 3668 din
615 3613 797 3686 multumque
812 3615 891 3666 coeus
906 3609 1090 3679 liberaliore3
1109 3607 1247 3678 demum,

173 3703 452 3762 frustratisuisvotis
461 3715 490 3761 et
498 3704 724 3780 exspectutioue,
732 3703 893 3762 discedunt.
902 3703 1066 3770 Omiscrus,
1076 3699 1184 3783 ossisos
1193 3701 1247 3757 ho—

173 3794 284 3854 minum
293 3798 373 3872 spes!
389 3797 491 3854 Caedes
503 3815 598 3854 emere
609 3807 768 3874 coguntur,
782 3809 811 3853 et
822 3797 898 3872 ligus
910 3797 1019 3870 quibus
1029 3795 1096 3850 illos
1110 3805 1245 3869 coquent

217 3888 281 3948 135.
301 3889 423 3947 Interim
442 3889 560 3946 illorum
579 3901 718 3964 patronus
734 3889 925 3965 ingurgitabit
938 3907 967 3944 se
983 3887 1142 3944 lectissimis
1158 3889 1245 3958 cibis,

173 3999 248 4055 ques
259 3983 358 4056 sylvae,
375 4002 450 4058 quos
461 3983 551 4040 maria
560 3983 803 4058 suppeditabunt,
820 3993 849 4038 et
862 3982 894 4036 in
906 3993 973 4037 toro
984 3981 1063 4037 solus
1077 3982 1245 4052 accumbet3

171 4074 228 4148 jam
246 4075 323 4132 euim
341 4077 398 4132 illis
415 4075 555 4134 divitibus
566 4095 630 4133 mos
650 4087 693 4134 est
705 4093 793 4132 uuam
808 4074 951 4131 iustruere
966 4093 1091 4132 mensam
1102 4075 1186 4131 ‘inter
1201 4085 1247 4131 tot

172 4167 277 4242 nuptas
294 4179 326 4226 et
338 4168 479 4244 pretiosas
494 4185 528 4226 ac
548 4168 643 4244 prisco
661 4171 819 4227 elaboratus
834 4177 923 4244 opere
936 4173 1063 4241 mensas,
1078 4184 1149 4244 quas
1165 4165 1244 4226 domi
