3122 4986
409 437 413 448 ’
492 475 681 539 sauma
703 476 905 540 ocrim.
1167 473 1230 543 ost

163 591 317 673 Interea,
334 591 414 658 dum
432 590 557 660 lanatas
574 605 777 683 torvumque
788 590 974 683 juvencum
1184 605 1232 660 155
1339 683 1343 690 ι

164 703 269 770 More
286 703 406 774 Numae
423 702 523 772 caedit
538 703 631 774 Jovis
648 720 725 772 ante
740 702 875 791 altaria,
887 705 980 798 jurat

161 811 279 880 Solam
294 815 465 906 Eponam,
484 827 517 882 et
534 811 637 883 iacies
655 812 743 883 olida
762 813 804 882 ad
821 815 983 910 praesepia
996 814 1112 909 pictas.

159 923 232 991 Sed
246 947 351 1015 quum
364 922 543 1018 pervigiles
558 923 669 1018 placet
682 925 868 994 instaurare
880 925 1040 1020 popinas,

161 1029 294 1100 Obvius
309 1031 442 1100 assiduo
455 1033 681 1128 Syrophoenix
694 1033 781 1102 udus
796 1054 929 1101 amomo

162 1143 301 1228 Currit,
319 1142 475 1214 Idumaeae
489 1145 715 1240 Syrophoenix
727 1143 836 1213 incola
852 1159 976 1239 portae,
1188 1162 1237 1212 160

162 1253 317 1346 Hospitis
330 1251 459 1322 affectu
475 1251 652 1322 dominum
665 1275 849 1349 regemque
863 1255 999 1338 salutat,

162 1365 212 1430 Et
227 1385 305 1430 cum
318 1363 428 1432 venali
443 1366 557 1459 Cyane
574 1364 746 1434 succincta
758 1363 886 1457 lagena.

213 1470 383 1541 Defensor
398 1472 505 1567 culpae
523 1473 616 1544 dicet
627 1474 731 1558 mihi,
748 1473 890 1542 fecimus
903 1485 938 1540 et
950 1496 1012 1540 nos

164 1582 249 1648 liaec
259 1580 423 1672 juvenes:
441 1598 529 1670 est03
545 1583 659 1652 desisti
674 1608 813 1678 nempe,
831 1607 895 1652 nec
907 1580 996 1650 ultra

161 1689 291 1757 Fovisti
305 1715 475 1761 errorem:
494 1693 597 1761 breve
611 1694 672 1779 sit,
688 1693 780 1787 quod
795 1692 941 1786 turpiter
955 1688 1067 1758 audes.
1188 1699 1236 1752 165

161 1798 330 1887 Quaedam
343 1824 421 1869 cum
435 1803 545 1896 prima
562 1818 760 1872 resecentur
774 1802 915 1871 crimina
927 1799 1042 1868 barba.

161 1907 320 2003 Imdui'ge
336 1911 469 1980 veniam
487 1913 612 2007 pueris.
627 1913 853 2007 Damasippus
866 1910 908 1978 ad
922 1907 996 1978 illos

162 2017 389 2088 Thermarum
404 2020 526 2090 calices
542 2021 772 2114 inscriptaque
789 2018 892 2088 lintea
905 2016 1012 2102 radit,

164 2127 324 2198 Maturus
336 2128 442 2216 bello,
455 2131 626 2200 Armeniae
641 2131 813 2224 Syriaeque
828 2127 963 2197 tuendis

164 2238 354 2323 Amnibus,
368 2254 405 2308 et
421 2239 544 2307 Rheno
558 2255 659 2333 atque
675 2241 784 2307 Istro:
799 2253 960 2332 prestare
974 2237 1148 2306 Neronem
1188 2265 1237 2319 170
1328 2261 1335 2270 ·

168 2443 299 2512 mariana,
311 2460 395 2512 ores,
407 2441 589 2498 nutritulum
600 2443 697 2500 fronte
711 2433 828 2501 rorem
837 2443 906 2500 Jori
916 2455 982 2500 ante
992 2459 1053 2499 aras
1062 2439 1238 2512 immolabit,

168 2537 304 2610 Eponam
317 2534 420 2605 solam,
434 2549 590 2611 agasonum
599 2534 682 2591 deam
692 2539 858 2608 praestem,
875 2546 904 2592 et
916 2536 970 2592 alia
980 2553 1044 2610 quae
1051 2533 1188 2608 jumentis
1198 2533 1240 2590 ia-

164 2635 250 2696 vent,
263 2623 552 2701 ideoqueinstabulis
558 2625 644 2682 olidis
650 2625 726 2700 picta
734 2627 902 2700 cernuntur,
911 2626 1156 2701 numinajurabit.
1165 2627 1240 2696 Jam,

167 2734 261 2794 quum
280 2717 358 2775 idem
376 2717 579 2793 Damasippus,
597 2719 703 2776 omisso
718 2731 836 2774 currum
854 2720 982 2796 agitandi
999 2719 1115 2791 studio,
1135 2717 1242 2793 repetit

64 2849 70 2876 .
168 2811 324 2886 popinam,
339 2809 391 2866 ubi
401 2816 476 2868 totas
486 2811 669 2886 perpotando
679 2821 780 2868 noctes
789 2809 884 2882 ducit,
897 2827 935 2868 en
944 2811 999 2867 tibi
1011 2812 1129 2868 advolat
1141 2826 1240 2866 occur-

168 2904 268 2978 ritque
285 2902 492 2978 unguentarius
506 2903 646 2978 quispiam
664 2903 871 2980 Syrophoenix,
889 2903 969 2978 cujus
983 2902 1099 2961 cilicina
1115 2903 1240 2960 idumeae

167 3005 262 3070 porta
271 2995 366 3050 vicina
377 3006 420 3051 est
430 3015 437 3051 :
448 2993 496 3052 ille
506 2997 711 3071 Damasippum
724 3015 822 3074 regem
833 2997 1042 3072 dominumque
1052 2995 1242 3072 compellam,

168 3073 362 3144 honorificam
369 3086 411 3142 illi
420 3087 538 3143 salutem
549 3087 634 3158 dicit,
645 3107 793 3163 quomore
800 3091 1046 3165 soleuthospites,
1055 3089 1125 3146 dum
1131 3089 1242 3145 urbane

167 3186 375 3253 pretereuntes
388 3176 526 3247 invitant3
543 3176 623 3235 adest
636 3179 722 3234 etiam
734 3181 848 3256 Cyane,
864 3180 901 3238 ad
913 3180 1137 3238 ministrandum
1151 3195 1240 3254 expe-

171 3270 247 3337 dita,
264 3268 433 3342 amphoram
449 3268 581 3344 generosi
596 3269 658 3325 vini
670 3279 791 3345 gestans.

213 3360 280 3416 163.
297 3350 395 3416 Audio
414 3357 486 3434 quid
508 3360 545 3415 ab
565 3361 662 3436 aliquo
683 3361 741 3418 dici
762 3361 800 3418 ad
822 3342 1015 3418 excusandum
1036 3360 1242 3433 Damasippum

170 3451 278 3525 possit3
290 3461 394 3524 nempe
405 3450 483 3506 idem
493 3469 510 3506 a
521 3467 551 3507 se
563 3452 631 3508 alias
638 3452 746 3526 jurene
757 3452 916 3509 factitatum
929 3471 987 3509 esse
999 3475 1006 3508 ε
1019 3453 1056 3508 ait
1070 3451 1109 3507 ita
1117 3467 1201 3519 sane;
1213 3459 1243 3506 at

169 3545 237 3599 istas
251 3558 339 3619 nugas
353 3543 450 3599 valere
462 3542 571 3616 jussisti
585 3544 724 3620 denique,
742 3563 796 3602 nec
808 3547 886 3602 ultre
898 3535 1041 3619 iuveniles
1054 3555 1145 3600 annos
1158 3543 1243 3617 inep-

78 3669 87 3684 ·
108 3633 110 3638 ’
172 3635 229 3691 tire
248 3625 408 3709 perrexisti.
424 3638 518 3692 Detur
531 3637 615 3693 brevi
634 3637 761 3694 stultitiae
778 3637 863 3695 venia
884 3660 890 3695 :
910 3637 968 3694 sint
986 3637 1093 3713 flagitia
1111 3635 1243 3711 quedam

172 3727 385 3799 adolescentiae,
406 3748 469 3804 quaa
490 3749 555 3788 cum
576 3731 670 3807 prima
694 3730 804 3806 pariter
821 3731 913 3788 barba
934 3731 1125 3806 deponantur.
1143 3727 1243 3808 Pueris

173 3820 283 3896 aliquid
292 3837 411 3896 peccare
421 3822 461 3878 ias
474 3823 511 3880 sit
524 3844 531 3879 :
546 3831 650 3880 rerum
659 3824 851 3901 Damasippus
863 3841 896 3882 ea
903 3824 963 3898 jam
977 3833 1058 3880 aetate
1070 3832 1244 3898 provectus,

174 3931 232 3988 qua
241 3913 351 3970 bellum
356 3916 459 3991 'gerere
467 3923 564 3990 posset
573 3915 605 3971 in
615 3915 768 3987 Armenia,
780 3927 809 3974 et
818 3927 919 3974 ronna
928 3915 1057 3974 hostium
1065 3914 1243 3972 incursiones

175 4006 306 4082 Syriam,
323 3993 522 4078 Germaniam,
535 4007 624 4066 immo
637 4009 732 4085 ipsum
745 4011 890 4069 Neronem
907 4010 1081 4080 destndere,
1095 4027 1157 4066 non
1175 4024 1244 4066 eru·

175 4098 267 4155 hescit
282 4105 436 4175 perpotare
450 4097 482 4156 in
492 4099 624 4171 thermis,
642 4113 672 4161 et
685 4102 834 4160 vilissimo
847 4102 968 4178 popinas
981 4100 1154 4172 consectari,
1171 4117 1243 4175 qua-

177 4207 242 4246 rum
255 4185 367 4250 foribus
381 4209 504 4268 appensa
513 4193 608 4268 ¹lintea
627 4194 770 4266 indicant,
789 4194 862 4272 quid
879 4194 912 4252 in
930 4195 970 4252 eis
991 4205 1109 4252 vaeneat.
1130 4190 1242 4263 Quaeris
