3056 4984
348 371 411 458 37⁰
621 367 662 431 D.
691 367 828 434 JUNII
857 369 1138 439 JUVENALIS

345 485 482 553 Servata
497 503 630 575 semper
646 477 719 573 lege
735 495 770 550 et
786 481 915 552 ratione
932 484 1111 580 loquendi,

343 595 549 686 ignotosque
565 588 648 658 mihi
664 603 758 658 tenet
774 591 961 686 antiquaria
975 620 1108 684 versus,

342 704 417 772 Nec
434 698 581 771 curanda
595 699 674 768 viris
689 699 794 794 opicae
810 701 949 798 castigat
964 706 1079 777 arnicae

341 812 465 881 Verba.
480 807 711 880 Soloecismum
727 808 826 880 liceat
838 810 957 882 fecisse
973 817 1104 887 marito.

388 920 447 992 Nil
462 945 531 990 non
546 920 713 1015 permittit
728 919 850 989 mulier
863 922 943 1010 sibi,
959 938 1058 1020 turpe
1072 941 1169 1022 putat
1182 927 1246 1011 nil,

339 1031 455 1121 Quum
468 1029 592 1100 virides
606 1054 753 1125 gemmas
767 1029 854 1100 collo
868 1031 1107 1124 circumdedit,
1122 1051 1157 1106 et
1170 1062 1277 1132 quum

337 1142 484 1211 Auribus
498 1140 640 1209 extentis
652 1165 792 1234 magnos
809 1140 977 1210 commisit
991 1141 1160 1214 elenchos.

338 1248 584 1320 intolerabilius
601 1247 684 1318 nihil
701 1263 769 1334 est,
782 1274 884 1342 quam
898 1249 1025 1320 femina
1039 1253 1143 1325 dives.
1355 1273 1403 1333 aso

384 1367 520 1432 Interea
535 1360 624 1430 foeda
640 1372 792 1454 aspectu,
809 1359 1017 1456 ridendaque
1029 1363 1137 1434 multo

336 1474 427 1542 Pane
442 1485 550 1541 tumet
563 1468 681 1552 facies,
695 1484 754 1538 aut
768 1469 906 1562 pinguia
920 1472 1109 1565 Poppoeana

334 1585 463 1677 Spirat,
479 1598 513 1650 ct
528 1581 609 1650 hinc
625 1581 739 1650 miseri
754 1581 926 1650 viscantur
941 1580 1033 1650 labra
1046 1582 1170 1652 mariti.

333 1689 387 1759 Ad
401 1689 569 1758 moechum
584 1689 699 1758 veniet
711 1686 780 1756 lota
793 1704 889 1757 cute:
905 1690 1039 1784 quando
1052 1689 1160 1759 videri
1266 1697 1272 1706 “

332 1800 417 1870 Vult
428 1800 577 1870 formosa
592 1797 857 1868 domilrnoechis
870 1798 985 1870 foliata
999 1816 1171 1896 parantur.
1350 1819 1398 1880 tos

331 1911 393 1980 His
408 1911 542 1995 emitur,
557 1907 721 2003 quidquid
737 1905 875 2000 graciles
890 1908 957 1978 huc
972 1909 1103 1978 mittitis
1116 1908 1204 1979 Indi.

331 2019 483 2088 Tandem
499 2019 607 2114 aperit
621 2016 769 2103 vultum,
784 2032 820 2085 et
835 2019 977 2088 tectoria
990 2019 1099 2113 prima
1116 2018 1271 2114 reponit:

332 2134 459 2229 Incipit
471 2130 628 2226 agnosci,
642 2145 742 2225 atque
757 2127 815 2198 illo
829 2127 914 2198 lacte
927 2128 1074 2217 fovetur,

331 2348 496 2425 perdiscere
510 2347 623 2415 studet;
637 2364 700 2420 quae
716 2345 794 2420 leges
805 2360 904 2401 omnes
916 2361 949 2400 ac
960 2345 1073 2420 regulas
1085 2345 1177 2402 exacti
1188 2345 1328 2402 sermonis
1342 2347 1397 2404 ob·
1506 2345 1507 2409 ἶ

329 2452 425 2498 servat
441 2441 518 2496 inter
533 2437 728 2514 loquendum
742 2455 804 2510 quae
818 2437 955 2493 nonnulla
972 2437 1069 2513 ignota
1085 2438 1156 2494 mihi
1167 2449 1196 2496 et
1209 2438 1338 2496 obsoleta
1351 2460 1396 2500 re·

329 2532 399 2608 cinit
420 2531 566 2601 carmina,
584 2529 707 2602 antiquae
725 2547 757 2604 ac
773 2527 880 2602 putida
895 2527 1066 2585 eruditionis
1084 2528 1202 2586 studio:
1220 2547 1284 2606 qna
1302 2531 1398 2588 amice

328 2626 451 2682 barbare
470 2623 616 2699 loquentis
638 2639 722 2681 voces
739 2639 842 2694 parum
863 2631 1006 2676 accuratas
1026 2631 1055 2676 et
1074 2620 1237 2678 emendatas
1258 2621 1398 2700 corrigit,

329 2738 416 2793 quas,
435 2717 489 2791 ipsi
503 2715 560 2772 riri
576 2715 601 2772 si
618 2713 784 2790 proferant,
803 2731 890 2768 nemo
907 2711 991 2768 valde
1011 2713 1211 2787 reprehendat.
1229 2715 1324 2770 Detur
1337 2715 1397 2772 haec

329 2811 433 2866 marito
446 2808 544 2877 venia,
555 2818 591 2876 ut
599 2805 689 2880 possit
701 2806 819 2879 impune
832 2804 1023 2866 soloecismum
1034 2805 1136 2862 facere.

369 2901 435 2973 457.
456 2904 520 2956 Jam
531 2917 602 2956 vero
614 2899 669 2957 illae
683 2898 834 2966 mulieres,
849 2915 912 2971 quar.
929 2908 1062 2954 contexta
1078 2918 1094 2955 e
1108 2899 1266 2976 smaragdis
1278 2899 1397 2956 monilia

328 2995 404 3050 collo
420 2990 690 3062 circumdedertmt,
708 3002 737 3048 et
753 2989 875 3066 grandes
890 2990 1025 3046 elenchos
1037 2991 1240 3064 appenderunt
1253 2993 1396 3065 protensis

327 3087 459 3154 auribus,
481 3085 553 3140 nihil
571 3083 649 3140 nolas
667 3084 723 3140 sibi
743 3084 948 3151 decantasse,
965 3093 994 3138 et
1010 3082 1106 3140 omnia
1122 3083 1243 3159 pudoris
1260 3085 1397 3160 repagula

326 3178 410 3238 brevi
427 3176 622 3253 perh-lugunt.
641 3175 721 3234 Nihil
740 3186 783 3232 est
802 3174 951 3246 audacius,
970 3174 1043 3230 nlhil
1064 3175 1272 3278 intolerabilius
1289 3177 1398 3250 femina
1505 3239 1506 3244 χ

326 3270 481 3344 locuplete.
1067 3305 1069 3310 ·

367 3363 435 3430 461.
456 3363 499 3418 En
516 3370 549 3416 ut
565 3360 678 3426 rultum
695 3359 856 3416 deformem
874 3377 906 3415 ac
924 3357 1079 3431 ridituhrm
1096 3377 1170 3434 pane
1184 3372 1328 3418 macerato
1344 3362 1393 3420 ia-
1505 3347 1506 3406 i

326 3464 449 3524 crustat,
465 3464 493 3510 et
505 3449 835 3528 Poppaeanishnguentis
848 3452 955 3528 pingue
967 3452 1104 3528 quiddam
1117 3463 1145 3510 et
1157 3453 1269 3512 olidum
1282 3457 1393 3531 spiran-

311 3611 314 3620 ἱ
325 3545 402 3602 tibus
413 3544 532 3616 oblinit,
544 3561 670 3620 quorum
682 3545 774 3602 tenaci
786 3546 863 3602 visco
875 3547 971 3603 mariti
982 3545 1135 3604 osculantis
1146 3545 1222 3602 labia
1235 3548 1391 3624 inquinan-

324 3650 381 3698 tur.
400 3641 496 3710 Quum
511 3638 599 3696 domo
616 3637 747 3713 prodibit
760 3637 797 3694 ad
810 3640 951 3696 moechum
964 3640 1105 3716 aliquem,
1122 3639 1254 3716 deterget
1270 3641 1318 3698 illa
1335 3663 1390 3700 un-

323 3742 447 3806 guenta,
465 3739 495 3786 et
509 3728 609 3788 taciem
627 3729 752 3786 lavabit:
770 3749 860 3804 quarn
873 3748 944 3786 raro
960 3730 1039 3786 domi
1051 3741 1195 3801 versatur,
1208 3749 1279 3788 num
1293 3752 1389 3792 censes

323 3818 403 3878 iliani
412 3821 513 3878 formae
525 3821 608 3878 valde
621 3821 777 3888 studiosam
790 3822 872 3880 esse?
886 3815 1039 3899 Unguenta
1049 3841 1065 3880 e
1075 3822 1153 3880 loliis
1163 3824 1247 3881 nardi
1255 3825 1388 3900 pretiosis

323 3913 450 3970 conlecta
466 3913 547 3970 domi
562 3924 773 3988 preparantur,
792 3926 821 3972 et
836 3930 1019 3974 reservantur
1036 3916 1191 3988 adulteris,
1212 3937 1335 3992 qnorum
1356 3919 1388 3976 in

322 4003 444 4076 gratiam
460 4016 595 4062 emuntur
610 4023 797 4080 quaecamque
814 4007 851 4064 ab
867 4020 984 4065 aestuosa
1002 4007 1083 4066 India
1100 4011 1221 4065 Romam
1239 4011 1386 4086 deportari

323 4094 426 4152 solent.
436 4097 581 4174 Denique,
591 4109 630 4156 nt
635 4109 813 4174 agnoscatur,
826 4102 938 4158 vultum
950 4101 1066 4178 retegit,
1075 4101 1260 4161 crassioribus
1272 4105 1386 4181 integu-
