3122 4986
694 349 711 388 Ι

412 451 469 517 ἸΝ
493 447 722 516 slttttAM
745 447 991 518 OG'l'AVAM.
1172 457 1234 546 675

173 566 248 639 cujus
260 566 358 620 ostium
368 563 491 638 foresque
499 578 557 618 erat
565 566 670 628 velum,
687 564 782 628 tetrior,
792 581 954 638 oppansum,
965 586 999 620 ne
1009 569 1069 640 quis
1077 587 1125 642 per
1140 569 1238 625 forium

174 649 255 701 rimas
266 649 439 721 introspicere
452 659 542 720 posset
557 647 634 716 (ride
647 647 682 701 ad
696 647 753 711 nt,
770 650 830 718 105)
847 652 999 718 inscriptum,
1013 670 1063 704 acu
1076 653 1194 724 pictum,
1212 667 1239 708 et

173 734 288 794 linteum,
299 731 435 785 orbiculos
447 729 580 804 quosdam
591 730 702 796 habens,
714 743 745 784 ut
757 731 857 786 udduci
871 745 898 788 et
910 733 1003 788 reduci
1013 735 1119 788 facilius
1133 735 1239 809 posset,

175 825 207 866 ut
216 812 296 867 docet
305 832 336 866 ex
344 815 432 866 Dione
441 814 557 867 Casanh.
568 812 602 866 ad
612 813 683 867 Suet.
693 815 757 868 Ner.
768 827 795 872 et
803 817 903 870 Ramir.
911 817 946 871 ed
954 819 1073 872 Martini.
1083 819 1111 884 1,
1120 819 1162 886 35,
1172 822 1197 883 5.
1211 826 1238 884 6,

175 897 254 951 Conl.
267 896 386 951 Martini.
396 899 452 966 XI,
462 901 505 961 46,
516 915 548 950 ex
559 915 614 968 quo
622 897 703 950 etiami
715 899 847 970 suspicari
857 901 954 971 possis,
964 900 1017 953 hoc
1028 903 1089 954 loco
1097 902 1239 972 legendnm

173 999 230 1034 esse
239 983 511 1050 inscnptaquslimina,
523 981 576 1034 hoc
586 993 639 1046 est,
650 981 721 1034 sores
732 983 806 1035 celle
816 984 959 1057 inscriptoe.

210 1079 280 1131 Nor.
303 1081 361 1146 169.
380 1084 492 1129 Maturus
502 1080 575 1144 bello,
583 1077 637 1130 hoc
647 1087 699 1139 est,
710 1078 825 1144 militie3
834 1081 891 1153 jam
900 1099 932 1132 en
943 1092 1019 1134 {etate
1028 1093 1082 1141 est,
1094 1095 1124 1134 ut
1135 1101 1186 1155 pro
1195 1103 1243 1156 pe·

175 1161 232 1214 trite
240 1161 327 1215 solute
335 1181 465 1235 pugnare,
475 1161 677 1232 eamqueurmis
688 1159 834 1221 defendere
844 1173 932 1233 queat
942 1194 977 1203 —
989 1167 1112 1216 Armenia
1120 1170 1245 1236 Srrr'crqne

174 1247 296 1308 amnibus,
305 1242 413 1315 Tigridi
422 1256 449 1297 et
458 1243 604 1315 Euphrati,
614 1243 734 1314 terminis
743 1245 848 1298 romsni
860 1245 966 1317 imperii
975 1247 1002 1297 in
1012 1245 1132 1312 Oriente,
1141 1261 1172 1301 ut
1182 1252 1245 1300 lile·

175 1346 220 1378 rsus
231 1341 256 1379 et
264 1332 337 1392 Ister,
348 1347 395 1382 seu
406 1327 561 1391 Danubius,
572 1329 601 1380 in
610 1325 757 1380 Occidente
769 1340 796 1381 et
806 1330 925 1399 Europa.
939 1329 1017 1381 Ocni.
1027 1327 1062 1382 ad
1071 1349 1111 1384 vs.
1123 1331 1165 1395 ⁵1,
1176 1329 1218 1386 bs.

211 1486 279 1534 Van.
302 1501 359 1547 ¹7⁰·
378 1488 436 1534 Post
450 1487 512 1534 Iron
525 1484 591 1532 nulla
605 1485 730 1534 distinctio
742 1485 863 1548 reperitur
875 1487 903 1532 in
915 1485 971 1534 edd.
981 1485 1147 1550 quibusdam,
1171 1489 1244 1537 etiam

178 1568 287 1616 llennin.
295 1579 320 1617 et
330 1569 428 1633 Bipont.

213 1661 284 1713 Nor-
306 1679 364 1731 ¹7⁰·
383 1665 509 1712 Neronem
521 1661 629 1731 proprie
638 1660 692 1711 hoc
703 1659 765 1711 loco
775 1656 846 1710 dixit
856 1671 951 1731 poeta,
966 1662 1009 1714 vel
1019 1669 1183 1731 σαρκασιικῶς
1194 1682 1244 1734 pro

179 1747 253 1794 catvo
264 1747 375 1810 Nerone,
384 1743 437 1796 hoc
446 1755 499 1808 cst,
508 1742 681 1804 Domitiano;
691 1741 733 1795 rel
743 1759 794 1811 pro
802 1742 898 1813 quovis
908 1744 1086 1814 Imperatore,
1099 1755 1126 1796 et
1135 1762 1185 1816 pro
1195 1746 1245 1798 im·

177 1830 255 1901 peric
263 1846 383 1882 romano.
393 1828 494 1879 -ltio
505 1845 584 1880 sensu
593 1827 684 1880 locum
698 1826 773 1896 capit
783 1825 849 1879 cler.
861 1827 1009 1889 Achaiam,
1023 1830 1098 1900 cujus
1109 1841 1174 1881 nota
1188 1841 1245 1881 est:

179 1937 190 1957 «
200 1913 259 1964 Hac
274 1924 350 1964 aetate
362 1922 450 1982 potest
462 1909 547 1975 tueri,
558 1907 703 1962 defendere
716 1909 924 1979 Imperatorem,
935 1909 979 1961 vel
991 1909 1072 1961 etiarn
1084 1911 1175 1962 munia
1189 1913 1247 1982 ejus

179 1995 297 2067 implere,
311 2011 506 2066 personamque
516 1993 654 2049 sustinere.
666 1991 726 2042 Hoc
735 1997 900 2061 σαρκαστιιιῶς
909 1990 1012 2044 dictum
1021 1993 1049 2044 in
1060 1993 1246 2065 Imperatores,

179 2077 227 2147 qui
236 2095 285 2149 per
290 2073 398 2149 legatos
409 2075 482 2130 heila
491 2073 628 2145 gerebant.
635 2097 646 2118 ι
658 2070 791 2144 Equidem
802 2073 837 2124 ab
847 2091 878 2125 ea
891 2073 1021 2126 sententia
1034 2073 1139 2138 recedo,
1150 2077 1246 2128 verba·

180 2179 233 2233 que
242 2161 400 2234 simpliciter
410 2157 532 2212 adhibita
545 2157 670 2208 arbitror.
682 2155 735 2208 En.

215 2323 283 2368 Vas.
306 2335 363 2381 171.
383 2317 480 2377 Hostia,
495 2326 608 2378 ter—ai,
620 2311 783 2376 ²7,45-50,
796 2315 839 2378 59,
851 2315 1020 2376 61-64,68,
1035 2331 1076 2378 71,
1089 2332 1120 2377 pa
1132 2353 1139 2380 ,
1153 2319 1194 2379 73,
1206 2337 1247 2380 77.

215 2413 284 2465 Nor.
307 2428 365 2480 ¹7¹·
385 2412 453 2460 ltine
463 2409 546 2461 scilic.
558 2407 717 2468 exercitum,
732 2407 774 2458 vel
786 2405 877 2478 potius
890 2409 956 2458 mites
967 2412 1089 2478 legatum‘,
1104 2395 1197 2476 Coesnr,
1212 2412 1249 2464 nd·
1300 2415 1301 2418 ’

182 2495 268 2556 Ostia,
279 2489 314 2546 ad
324 2490 392 2544 ostia
401 2490 517 2554 Tiberis,
527 2488 562 2542 ad
570 2500 680 2560 portum
688 2487 852 2553 Ostiensem,
861 2487 936 2540 ntibi
944 2507 1025 2542 naves
1034 2489 1211 2557 conscendat,
1222 2506 1249 2546 aa

181 2575 300 2629 invenies
316 2591 377 2626 eum
392 2572 421 2624 in
430 2574 537 2642 popina.
557 2573 670 2642 Propter
685 2570 769 2623 rerba
782 2580 870 2623 tamen
885 2587 965 2641 praec.
976 2571 1129 2644 prostiterit
1143 2573 1247 2639 Rheni,

181 2661 244 2716 lstri
254 2660 421 2730 aliorumque
430 2655 574 2710 fluviorum
582 2658 645 2707 ostia
654 2656 697 2709 rel
705 2655 765 2727 ipsa
775 2653 900 2720 flumina,
909 2655 1040 2726 presidiis
1049 2655 1163 2722 tuenda,
1172 2659 1248 2713 intel-

183 2747 275 2818 ligere.
287 2769 298 2790 ι
307 2745 393 2796 Poetae
404 2742 503 2807 etiam,
517 2759 600 2812 quum
611 2741 762 2795 Ostiensem
772 2751 882 2811 portum
893 2757 941 2811 per
951 2740 1056 2812 plurale
1067 2759 1164 2796 nomen
1179 2749 1248 2796 Ostia

184 2829 337 2900 designant,
347 2825 452 2881 addunt
458 2825 596 2898 epitheton
606 2826 734 2888 Tiberina,
743 2823 785 2876 rel
793 2823 950 2895 simpliciter
956 2823 1029 2877 hunc
1038 2837 1147 2896 portum
1155 2830 1249 2878 Ostiam

182 2923 310 2975 rocenn-
328 2911 392 2963 Ach.
409 2911 583 2962 -Attamen
598 2927 653 2962 non
665 2906 745 2961 video
757 2926 806 2960 cur
819 2908 942 2968 absolute
955 2906 1009 2962 dici
1025 2913 1108 2970 Ostia,
1127 2912 1249 2961 ortionem

182 3009 313 3068 nequeat,
323 3013 406 3066 quum
415 2996 502 3066 legere
512 2992 547 3047 sit
557 2992 631 3066 apud
641 2993 814 3056 Strabonem,
824 2993 872 3046 lib.
880 2995 917 3060 V,
927 3011 989 3067 pag.
1001 2995 1069 3060 ³³0,
1084 2993 1148 3049 edit.
1163 2999 1247 3050 Oxon.

185 3081 268 3149 1807:
279 3079 368 3149 arima
378 3075 459 3128 utet
467 3075 499 3128 τὰ
508 3067 583 3128 lieris
594 3067 674 3148 lqanu
683 3075 800 3148 Μαρκίου.
812 3078 892 3131 Hunc
901 3079 992 3131 locum
1000 3078 1111 3150 qnidam
1118 3080 1157 3132 ita
1166 3099 1252 3153 expo-

181 3175 267 3216 nnnt:
282 3186 293 3206 ι
302 3162 323 3214 si
335 3161 431 3232 quaeris
443 3161 574 3230 legatum,
586 3178 604 3212 o
615 3159 713 3223 Caesar,
726 3159 803 3212 mitte
814 3161 931 3232 aliquem
944 3161 972 3212 in
981 3162 1076 3214 urbem
1086 3163 1250 3227 Ostiensem,

182 3245 302 3319 quicum
316 3245 355 3296 ibi
366 3242 475 3315 quidem
487 3242 616 3314 reperiet,
631 3239 716 3294 sedin
731 3259 884 3313 caupona.»
901 3245 985 3296 Porro
1001 3244 1030 3296 in
1047 3247 1114 3298 urhe
1131 3247 1248 3301 Ostiensi

182 3331 267 3401 vulgo
275 3329 451 3382 morabantur
460 3325 576 3397 legatiet
585 3324 678 3392 duces,
688 3324 751 3396 qnia
761 3323 825 3377 inde
834 3342 915 3379 naves
923 3343 985 3377 cum
993 3327 1110 3380 exercitu
1121 3346 1249 3382 conscen-

185 3411 302 3473 debant,
317 3409 436 3469 bellum,
449 3427 503 3480 quo
512 3407 632 3480 jussisset
642 3407 802 3478 Imperator,
816 3406 991 3479 deportatnri.
1002 3408 1133 3480 Equidem
1145 3429 1250 3464 sensum

184 3495 225 3550 sic
245 3495 336 3567 potius
352 3491 503 3564 expositum
525 3489 596 3544 malo
613 3508 620 3542 ε
636 3489 750 3552 Omitte,
766 3491 937 3562 praetermitte
953 3492 1042 3557 Ostia,
1060 3493 1116 3545 noli
1135 3511 1251 3564 quaerere
1329 3481 1331 3488 ’

186 3581 290 3651 legatos
299 3577 338 3630 ibi
350 3581 360 3646 (
366 3577 424 3642 vel,
434 3576 456 3629 si
467 3574 624 3647 quismalit,
634 3573 662 3625 in
674 3574 768 3626 cestris
780 3571 816 3626 ad
827 3573 896 3626 ostia
906 3573 1050 3627 fluviorum
1060 3577 1086 3643 );
1098 3593 1152 3627 non
1162 3573 1200 3628 ibi
1210 3579 1251 3631 in-

187 3659 312 3715 veniendi
319 3672 382 3713 sunt
389 3658 494 3711 nobiles
502 3656 555 3721 isti,
562 3674 630 3728 quos
640 3673 723 3726 genus
730 3667 757 3708 et
766 3657 897 3708 natalium
907 3655 1035 3728 splendor
1041 3655 1173 3711 ducendis
1181 3678 1254 3714 exer·

189 3747 286 3800 citibns
304 3744 460 3806 destinant;
477 3743 527 3795 hos
548 3741 660 3812 crapula
677 3759 784 3812 graves,
802 3738 954 3793 diffluentes
971 3741 1076 3793 luxuria
1098 3743 1125 3794 in
1146 3743 1253 3815 popinis
1349 3813 1352 3820 ,

191 3826 382 3902 deprehendes.
404 3827 456 3880 En.

225 3988 292 4034 Van.
315 4000 371 4045 r7a.
391 3985 524 4049 Togatam,
534 3983 576 4043 56,
586 3983 628 4044 59.
678 3951 681 3960 .

226 4081 296 4132 Nor.
319 4077 366 4146 173
385 4095 440 4148 seq.
460 4075 538 4128 Conl.
557 4073 635 4146 Apul.
651 4074 716 4125 Met.
731 4073 818 4135 Vlll,
836 4090 897 4144 pag.
920 4090 987 4138 sor,
1010 4075 1056 4137 13,
1071 4072 1115 4127 ed.
1130 4075 1254 4132 Elmenls.

86 4187 90 4198 v
193 4162 281 4213 «Erat
301 4161 328 4213 in
346 4159 467 4231 proxima
487 4158 595 4214 civitate
611 4155 716 4228 juvenis
735 4156 871 4209 natalibus
889 4155 1055 4228 prenobilis,
1077 4157 1122 4210 sed
1144 4160 1255 4214 luxuriae

1047 4242 1100 4316 43.
