3148 4990
295 477 334 519 ra
564 458 605 524 D.
634 457 774 525 JUNlI
802 459 1089 531 IUVENALIS

290 572 402 660 Quem
419 572 547 666 patitur
563 574 710 645 dormire
727 601 832 645 nurus
849 593 1029 673 corruptor
1043 603 1166 667 avarae,

290 682 401 770 Quem
418 707 547 777 sponsas
563 700 696 782 turpes,
713 703 748 756 et
764 704 977 782 pretextatus
994 691 1147 762 adulter?

290 794 326 862 Si
344 809 462 864 natura
479 810 596 890 negat,
614 795 694 866 lacit
711 799 901 894 indignatio
917 824 1067 888 versum,

289 903 577 1000 Qualemcumque
594 921 722 1000 potest;
740 908 852 1003 quales
869 933 947 1005 ego,
966 911 1017 981 vel
1033 911 1225 982 cluvienus.
1327 933 1362 980 ao

337 1015 386 1080 Ex
404 1037 468 1106 qua
484 1014 688 1101 Deucalion,
706 1017 826 1085 nimbis
843 1015 1037 1088 tollentibus
1054 1045 1185 1115 aequor,

288 1122 436 1216 Navigio
453 1139 604 1193 montem
620 1127 790 1212 ascendit,
807 1142 980 1223 sortesque
998 1129 1169 1224 poposcit,

288 1230 520 1328 Paulatimque
536 1235 648 1304 anima
664 1235 839 1306 caluerunt
855 1238 970 1308 mollia
985 1264 1078 1326 saxa,

287 1343 330 1408 Et
347 1343 494 1412 maribus
509 1343 616 1413 nudas
632 1346 778 1415 ostendit
794 1348 924 1441 Pyrrha
940 1348 1084 1443 puellas,

286 1449 461 1545 Quidquid
474 1469 580 1548 agunt
591 1453 759 1541 homines,
772 1471 905 1545 votum,
918 1459 1035 1545 timor,
1049 1461 1114 1545 ira,
1126 1457 1294 1553 voluptas,
1324 1472 1358 1525 85

287 1559 435 1645 Gaudia,
452 1561 636 1651 discursus,
653 1566 760 1633 nostri
777 1580 828 1634 est
845 1564 977 1662 farrago
994 1567 1113 1638 libelli.

285 1671 329 1736 Et
345 1670 480 1763 quando
497 1673 636 1742 uberior
653 1674 810 1742 vitiorum
828 1676 946 1767 copia?
961 1677 1098 1769 quando

286 1779 399 1871 Major
415 1782 561 1850 avaritiae
577 1782 687 1876 patuit
703 1782 817 1850 sinus?
831 1783 903 1851 alea
919 1783 1054 1877 quando

286 1891 357 1956 Hos
373 1888 524 1958 animos?
539 1913 650 1984 neque
666 1889 758 1957 euim
775 1888 893 1958 loculis
910 1892 1148 1962 comitantibus
1164 1895 1252 1962 itur·

285 1997 340 2066 Ad
355 2023 467 2068 casum
485 1985 623 2085 tabule,
640 1999 749 2093 posita
765 1999 824 2068 sed
841 1998 968 2068 luditur
983 2024 1069 2070 arca.
1321 2037 1356 2088 90

285 2106 405 2178 Praelia
420 2124 547 2202 quanta
563 2107 629 2178 illic
646 2108 875 2203 dispensatore
891 2107 1021 2178 videbis

285 2215 481 2312 Armigerol
500 2218 685 2312 simplexne
702 2217 816 2303 furor,
829 2217 986 2286 sestertia
1002 2231 1138 2287 centum

285 2327 451 2415 Perdere,
468 2343 502 2398 et
517 2327 671 2397 horrenti
688 2329 837 2398 tunicam
854 2352 923 2398 nou
939 2325 1080 2396 reddere
1097 2325 1217 2396 servo?

285 2531 314 2576 et
326 2541 430 2596 capro,
446 2532 496 2580 aut
509 2521 571 2578 aliis
584 2521 672 2599 signis
683 2520 787 2580 calatis
797 2540 905 2596 aspera.
920 2523 1015 2592 Quem
1026 2539 1088 2578 non
1099 2520 1220 2596 impellit
1231 2523 1268 2579 ad
1278 2526 1353 2582 acri-

284 2612 407 2670 bendam
421 2614 552 2684 satiram,
576 2615 753 2689 excitatque,
775 2626 857 2690 pater
868 2633 992 2670 avaram
1004 2611 1057 2670 filii
1073 2631 1193 2670 uxorem
1210 2615 1353 2674 adseclas

283 2707 379 2780 pretio
396 2707 581 2782 pertrahens3
598 2726 708 2783 sponse
728 2708 875 2764 amoribus
896 2706 1066 2780 turpissimis
1086 2716 1248 2777 estuantem
1269 2710 1352 2781 pueri
1394 2759 1400 2772 ,

283 2797 431 2856 adulteriis
446 2799 583 2858 infames?
597 2801 628 2859 Si
641 2801 706 2876 quis
716 2811 799 2876 poeta
815 2809 898 2856 naurs
909 2817 969 2856 nou
983 2809 1040 2869 est,
1053 2798 1107 2871 ipsi
1120 2809 1214 2854 tamen
1227 2799 1353 2854 carmina

283 2887 442 2966 indignatio
458 2902 608 2968 suggeret,
624 2893 717 2968 qrmlia
731 2891 778 2950 illa
792 2909 914 2966 cumque
925 2891 1001 2961 sint,
1013 2889 1174 2963 cujusmodi
1185 2889 1353 2946 scribuntur

283 2999 374 3050 ame,
389 2982 435 3038 vel
452 3001 468 3038 a
484 2981 634 3040 Clurieno.

323 3073 372 3132 δι.
383 3075 536 3148 Quidquid
545 3076 706 3133 moliuntur
714 3076 860 3146 homines,
873 3083 1175 3144 eorumvota,rnetus‚
1186 3073 1243 3145 ira,
1251 3074 1352 3150 volup-

282 3177 367 3236 tates,
376 3169 493 3243 gaudis,
503 3171 735 3228 concursationes
743 3189 775 3226 ac
782 3169 912 3245 negotia,
923 3188 957 3226 ex
967 3187 1026 3243 quo
1035 3178 1165 3244 tempore
1176 3167 1347 3237 Deucalion,

282 3271 451 3336 augescente
460 3261 603 3320 continuis
614 3262 755 3320 imbribus
766 3260 853 3329 mari,
866 3279 952 3336 supra
962 3261 1128 3316 Parnassum
1140 3259 1209 3316 navi
1218 3269 1261 3316 est
1270 3278 1351 3316 evec-

284 3363 328 3408 tus
336 3393 345 3422 ,
352 3363 380 3409 et
389 3353 535 3412 Themidis
546 3356 663 3412 oraculo
672 3355 821 3425 consulto,
831 3355 939 3429 lapides
947 3353 984 3408 ab
993 3371 1028 3408 eo
1038 3352 1160 3426 projecti
1168 3351 1272 3409 sensim
1280 3355 1352 3409 mol-

282 3446 387 3502 lescere
401 3456 563 3522 coepemnt,
580 3458 608 3504 et
622 3448 732 3522 Pyrrha
748 3445 874 3504 ostendit
885 3445 970 3502 nudis
981 3444 1107 3500 maribus
1121 3444 1212 3500 nudas
1227 3444 1350 3518 puellas;

282 3539 341 3596 haec
355 3540 464 3612 omniu,
477 3541 611 3616 inquam,
623 3540 690 3596 huic
702 3540 801 3596 libello
814 3537 962 3596 materiam
975 3537 1102 3608 dabunt,
1115 3538 1196 3593 nullo
1211 3547 1290 3594 certo
1305 3537 1351 3594 di-

283 3631 415 3691 stinctam
424 3634 542 3704 ordine,
551 3634 675 3708 amplam
686 3643 765 3690 certe
774 3653 806 3690 ac
817 3633 954 3688 uberem:
968 3630 1117 3705 ecquando
1129 3630 1204 3687 enim
1216 3641 1284 3686 aetas
1293 3630 1349 3686 tuit

283 3729 434 3787 criminum
445 3729 587 3786 feracior?
598 3727 715 3802 qnando
728 3727 821 3800 major
833 3726 958 3783 avaritia
969 3744 1090 3802 gurges,
1103 3726 1220 3801 quando
1229 3726 1297 3781 alere
1307 3725 1351 3780 in·

282 3821 359 3878 sania
372 3821 547 3895 pertinacior
565 3831 594 3877 et
610 3820 789 3896 projectior?
805 3820 872 3876 Non
882 3818 941 3891 jan
957 3817 1074 3876 incertis
1090 3818 1192 3874 tabula
1207 3818 1350 3874 alcatoriae

280 3912 401 3986 jactibus
411 3914 519 3970 lusores
530 3923 679 3988 exponunt
694 3928 857 3981 casmenas,
872 3911 923 3968 sed
936 3921 1009 3968 totas
1021 3910 1166 3968 inludunt
1179 3929 1258 3966 arcas
1269 3909 1350 3966 dele-

282 4017 364 4074 runt;
373 4003 477 4081 quibus
487 4006 545 4062 illic
554 4005 670 4075 animis,
680 4025 736 4079 qun
748 4003 932 4061 contentione
944 4013 1085 4062 certantes
1093 4003 1192 4060 ridere
1201 4012 1256 4066 est,
1266 4020 1351 4057 servo

282 4098 355 4152 talos
368 4107 397 4152 et
412 4115 556 4170 nummos,
571 4119 648 4156 arma
661 4099 708 4156 isti
721 4099 792 4156 ludo
805 4097 923 4168 idonea,
936 4097 1182 4156 subministrante!
1195 4097 1283 4171 Cujus
1295 4097 1351 4152 hoc

282 4189 396 4247 tandem
410 4203 439 4248 et
453 4211 537 4267 mm
552 4193 651 4252 vesani
667 4203 710 4250 est
726 4192 847 4261 furoris,
861 4201 975 4250 centum
993 4190 1122 4248 sestertia
1137 4187 1265 4246 ludendo
1280 4205 1350 4260 per-
