3148 4990
439 439 495 502 ru
526 435 998 502 sar1nlu1³n1MAm
1217 435 1257 523 37

179 552 243 599 Tum
260 551 333 600 rerbs
347 567 374 600 r.
396 562 451 613 aa,
469 569 521 617 seq.
539 569 583 614 eo,
603 569 653 617 quo
670 555 781 619 plerique
797 556 839 604 illa
857 567 1017 620 acceperuut,
1041 573 1116 604 sensu
1139 555 1259 620 capienda

182 645 253 696 eunt,
265 646 293 685 ut
306 636 337 684 sit
350 639 485 687 concessio
500 639 594 686 ironica
607 649 632 686 et
644 655 714 688 mens
727 649 804 703 poeta
817 640 883 688 hec:
898 656 943 705 ego
956 656 1015 688 sane
1029 655 1084 690 non
1096 639 1198 688 invideo
1210 639 1259 688 illis

181 719 340 770 hereditatem
353 723 478 786 unguine
492 733 516 770 et
528 722 621 787 pallore
635 733 736 787 partam.

215 811 284 865 Nor.
306 819 349 875 lo.
363 813 467 868 Confer
476 815 540 868 Var.
555 815 628 868 Lect.
642 816 714 869 Aasis
723 827 810 888 pertes
819 818 975 876 contencio,
989 829 1105 876 sectans,
1114 818 1257 884 qmdruns,

179 899 268 956 triens,
277 900 419 964 quincunx,
429 901 518 960 seruis,
526 913 644 968 septuns,
654 904 743 962 bessis,
755 905 875 962 dodrans,
887 905 993 954 &etam
999 939 1008 962 ,
1018 905 1113 961 denum
1123 913 1148 954 et
1158 941 1165 967 ,
1174 918 1258 972 quum

181 980 366 1050 percommode
386 995 455 1036 esset
473 983 503 1034 in
521 984 760 1056 computationibus
778 984 857 1038 totins
876 985 905 1037 in
924 984 979 1036 XII
992 997 1078 1056 partes
1090 984 1257 1049 distributio,

180 1057 334 1118 etiam’slie
347 1085 407 1132 res,
427 1067 498 1139 inpr.
518 1067 692 1135 hereditates,
708 1066 743 1120 ad
760 1067 823 1120 assis
842 1066 951 1120 modum
968 1067 1170 1133 dividebantur3
1187 1065 1258 1118 unde

183 1151 249 1200 heres
260 1169 293 1200 ex
305 1170 376 1212 esse,
389 1151 434 1204 cui
448 1163 501 1204 tota
513 1151 662 1216 hereditas,
682 1170 716 1202 ex
732 1153 803 1202 urscia
811 1189 819 1211 ‚
839 1151 883 1204 cui
897 1151 1053 1206 duodecima
1066 1154 1122 1223 ejus
1134 1169 1211 1222 pars,
1225 1168 1258 1199 ex

182 1234 295 1293 mma,
312 1235 357 1286 cui
370 1252 405 1286 ne
422 1234 479 1288 bec
499 1235 606 1306 quidem
627 1247 700 1302 tota,
720 1255 754 1286 ee
772 1240 878 1295 dumee,
898 1235 942 1288 cui
960 1234 1084 1289 undecim
1100 1238 1156 1308 ejus
1172 1245 1257 1306 partes

184 1314 369 1370 obvenieb'ent.

219 1402 359 1450 Proculeius
371 1401 454 1467 male,
469 1413 494 1454 et
506 1403 570 1452 Gillo
581 1402 649 1454 bene
661 1403 818 1456 mentulatus
829 1424 836 1469 3
849 1401 980 1470 adulteri,
992 1401 1040 1456 sed
1052 1401 1144 1472 ignoti.
1158 1401 1258 1454 Procu-

183 1479 250 1533 leius
261 1494 397 1535 certem
408 1496 448 1537 est
459 1483 547 1552 idem,
563 1487 638 1558 cujus
650 1484 723 1552 vu,
740 1491 789 1553 94,
805 1486 905 1538 mentio
913 1485 957 1552 fit,
974 1474 1060 1557 neq'ue
1076 1485 1172 1550 etiam,
1185 1482 1258 1556 qnod

185 1565 277 1618 Almel.
292 1567 419 1636 putabat,
432 1567 494 1634 ille,
508 1567 541 1620 ad
552 1587 631 1640 quem
644 1581 745 1622 exstant
755 1568 809 1623 Cic.
821 1568 905 1642 Epist.
918 1569 952 1623 ad
962 1570 1024 1622 Dir.
1036 1568 1123 1634 XIII,
1135 1565 1187 1634 30,
1201 1583 1256 1638 seq.

219 1659 288 1711 Nor.
311 1665 354 1722 4²·
375 1665 510 1716 Mercedem
529 1666 671 1732 sanguinis,
690 1665 805 1737 pretium
821 1665 958 1719 delationis
979 1663 1096 1737 capitalis
1118 1665 1258 1730 cncomitata

185 1741 355 1808 Domitian0;
376 1743 412 1796 ll.
435 1743 524 1798 Vales.
543 1746 639 1812 Immo,
658 1751 790 1798 mercedem
806 1749 946 1816 sanguinis,
968 1746 1040 1799 coitu
1059 1744 1195 1812 exhausti,
1217 1745 1260 1797 rel

185 1825 230 1892 (ut
238 1827 296 1896 jam
309 1839 433 1879 notarunt
449 1828 547 1881 Gurlitt
564 1829 624 1882 loco
642 1829 714 1883 laud.
736 1848 794 1902 sup.
814 1830 841 1881 in
858 1842 919 1882 nota
933 1837 966 1896 4,
985 1841 1010 1882 et
1020 1827 1111 1880 Barth.
1131 1827 1165 1880 ad
1183 1827 1257 1881 Gret.

184 1907 285 1980 Cyneg.
309 1913 375 1977 166,
396 1923 421 1963 et
438 1911 471 1964 ad
490 1911 593 1967 Nemes.
615 1914 715 1986 Cyneg.
743 1931 808 1983 ιη,
831 1916 918 1983 260),
939 1913 1061 1978 seminis,
1080 1910 1153 1982 quod
1166 1929 1198 1963 ex
1217 1907 1259 1962 di·

184 1991 302 2061 gestione
313 1995 447 2066 sanguinis
459 1996 593 2067 gignitur,
610 1995 713 2068 profusi
728 2008 754 2048 et
771 1997 874 2062 amissi,
893 1996 1047 2067 ruborisque
1063 1993 1129 2047 adeo
1140 1993 1259 2065 corporis

183 2071 323 2127 debilitati.

196 2215 201 2231 ¹
220 2199 290 2250 Vn.
310 2204 353 2259 43.
371 2206 408 2250 Ae
420 2203 456 2252 sic
469 2195 624 2266 Pallent,'n;
638 2201 720 2268 iuquit
732 2219 779 2268 pro
790 2214 813 2250 et
824 2202 874 2261 sic,
887 2205 933 2264 39,
952 2217 1013 2248 am.
1027 2215 1066 2266 pr.
1081 2216 1135 2251 non
1149 2200 1258 2265 improb.

184 2281 267 2330 Bertb.
280 2285 348 2332 Adr.
361 2287 440 2347 x111,
455 2288 501 2346 13,
513 2297 541 2335 ut
549 2285 719 2334 introducatur
727 2285 794 2333 velut
802 2285 833 2332 de
843 2283 932 2332 tabulIs
941 2283 1045 2347 loquens
1054 2281 1133 2332 vetula
1142 2282 1251 2332 metatrix

184 2364 234 2412 Sed
246 2367 327 2415 oratio
340 2369 375 2415 aie
387 2383 440 2416 non
451 2368 516 2418 bene
525 2369 588 2416 fluit.

218 2457 289 2511 Nor.
303 2458 348 2522 43.
358 2465 469 2521 Palleat,
479 2460 627 2514 debilitatam
637 2462 809 2533 intemperato
819 2460 890 2514 coitu
900 2458 1110 2526 etdecoloratus;
1120 2462 1255 2513 mundis...

184 2561 303 2610 agnen,
323 2543 403 2615 pallet
420 2555 495 2598 metu
510 2546 595 2612 ictus,
614 2557 641 2597 et
658 2547 739 2596 rietur
748 2547 932 2613 lugdunensem
944 2545 1048 2596 sicum
1059 2546 1097 2594 ad
1103 2561 1173 2593 arara
1187 2554 1258 2595 metu

187 2625 336 2695 ignominie
347 2638 372 2678 et
382 2645 465 2698 poenu
474 2667 483 2694 ,
494 2627 516 2679 si
525 2626 699 2700 displicuisset
712 2626 898 2698 Caligulae3⁵de
908 2646 962 2700 quo
971 2625 1032 2679 vide
1042 2644 1103 2678 mox
1113 2624 1148 2678 ad
1157 2625 1184 2676 V
1190 2666 1198 2692 ,
1213 2631 1256 2688 44.

185 2739 224 2749 -
236 2715 267 2760 Ut
278 2714 352 2762 andri
358 2714 449 2778 pressit
462 2715 506 2780 qui
514 2715 618 2764 calcibus
629 2731 750 2782 arpen,
771 2712 883 2765 imitatio
895 2712 970 2784 Virg.
985 2715 1047 2765 AEn.
1061 2712 1106 2778 Il,
1119 2710 1188 2781 379,
1201 2727 1256 2783 seq.

185 2805 210 2846 et
223 2793 306 2848 Orid.
321 2795 390 2849 Fast.
405 2795 450 2862 ll,
465 2794 534 2862 342,
548 2796 590 2848 rel
600 2796 689 2868 potins
701 2796 809 2848 Homeri
821 2795 899 2849 Iliad.
912 2817 919 2860 ·,
933 2795 992 2861 111,
1007 2793 1058 2861 33,
1071 2811 1126 2865 seq.

220 2891 291 2944 Nor.
312 2898 355 2954 44.
365 2893 552 2945 commentarii
561 2892 708 2946 insternunt
716 2893 794 2946 rerba
804 2893 876 2945 Suet.
887 2891 969 2962 Calig.
982 2910 1040 2962 cap.
1052 2909 1086 2943 ao
1097 2907 1104 2943 ε
1120 2916 1131 2937 ι
1141 2889 1258 2960 Caligula

186 2975 299 3026 instituit
313 2976 341 3027 in
353 2976 455 3042 Gallia,
470 2975 611 3050 Lugduni,
625 2987 754 3029 commen
767 2975 865 3028 Graecre
878 2975 1030 3045 Latinaeque
1044 2971 1189 3040 facundie,
1206 2991 1259 3045 quo

153 3105 159 3114 ,
186 3057 275 3110 lerum
292 3057 434 3111 victoribus
456 3060 561 3130 premia
579 3059 663 3112 victos
680 3059 837 3126 eonmliase,
859 3056 1011 3112 eorumdem
1031 3070 1057 3110 et
1074 3055 1164 3111 landes
1184 3074 1258 3110 com-

185 3163 287 3215 ponere
297 3157 418 3198 coactos:
435 3163 479 3196 eos
490 3157 576 3197 autem
588 3187 596 3213 ,
609 3146 656 3216 qni
667 3145 778 3200 maxinie
788 3139 997 3216 displicuissent,
1010 3143 1106 3214 scripta
1118 3161 1164 3195 sua
1178 3159 1259 3213 spon·

184 3228 228 3299 gia
247 3228 371 3300 lingrmre
390 3228 478 3281 delere
495 3232 596 3300 jussos,
614 3229 664 3282 nisi
686 3227 776 3282 ferulis
796 3227 928 3302 objurgari
945 3239 991 3280 aut
1008 3225 1116 3280 flumine
1136 3225 1258 3298 proximo

184 3312 269 3381 mergi
287 3311 446 3365 maluissent.
458 3337 469 3358 ι
488 3312 612 3384 Lugduni
632 3315 709 3366 etiam
731 3333 778 3364 aru
796 3311 863 3378 mit,
884 3311 922 3364 ad
935 3309 1109 3365 confluentem
1128 3307 1217 3362 Araris
1233 3320 1259 3360 et

184 3391 308 3445 Rhodani
329 3393 392 3462 (ubi
413 3412 484 3446 nuuc
504 3407 543 3447 est
562 3395 665 3448 abbatia
684 3398 789 3464 Arnay)
809 3397 926 3466 Augusto
946 3393 1081 3460 dedicata;
1101 3391 1157 3446 rid.
1177 3390 1257 3445 Dion.

183 3475 232 3529 lib.
247 3476 321 3543 LIV;
334 3477 405 3548 Epit.
420 3478 490 3531 Livii
504 3478 678 3546 cxxxvl1;
691 3479 776 3532 Strab.
790 3479 836 3532 lib.
851 3479 909 3545 Ν,
921 3479 1028 3532 Sueten.
1044 3477 1138 3532 Claud.
1150 3495 1208 3548 cap.
1223 3495 1256 3541 a,

183 3573 210 3614 et
222 3577 289 3632 quoe
301 3559 408 3616 Gurlitt.
425 3561 475 3614 loc.
488 3562 533 3616 cit.
552 3561 684 3628 tundirin
696 3561 819 3632 Scaliger.
837 3562 910 3615 Poet.
927 3562 974 3616 lib.
988 3564 1020 3628 1,
1036 3582 1094 3635 cap.
1110 3560 1161 3626 343
1181 3559 1255 3630 Lips.

161 3645 173 3662 ⁶
183 3645 269 3718 Epist.
285 3645 384 3709 Queat.
399 3644 444 3711 11,
463 3663 513 3712 rr,
534 3658 560 3699 et
576 3645 662 3698 Goltz.
682 3645 806 3698 numism.
828 3645 882 3698 iul.
899 3645 965 3698 Ces.
978 3663 1038 3715 pag.
1054 3650 1096 3713 74.
1110 3671 1147 3683 -
1158 3643 1258 3708 Rietcr,

183 3728 237 3780 boc
258 3728 318 3782 looo
335 3741 441 3796 orator,
459 3741 489 3782 ut
509 3729 616 3801 passim.
636 3726 786 3782 Notandum
804 3726 848 3779 bic
869 3738 925 3792 est,
947 3737 978 3779 ut
988 3726 1062 3797 prius
1074 3721 1259 3777 animadvertit

182 3816 278 3874 sawt,
300 3793 436 3866 luvenalis
457 3813 484 3865 in
502 3812 619 3867 carmina
636 3812 727 3883 gallica
743 3811 897 3876 translator,
916 3809 1016 3862 nullam
1032 3825 1087 3861 esse
1105 3805 1257 3860 similitudi·

183 3915 244 3950 nem
258 3898 327 3950 inter
336 3897 410 3950 hunc
422 3897 553 3950 rhetorem
562 3897 610 3969 qui
624 3913 680 3949 rem
697 3895 766 3948 male
778 3911 955 3948 successuram
969 3893 1061 3957 timet,
1080 3901 1107 3943 et
1123 3889 1256 3943 hominem

182 3994 315 4034 nocturno
327 3981 474 4052 infamique
485 3981 574 4034 labore
588 3981 685 4034 leasum
697 3993 723 4035 et
739 3981 903 4035 eximustum.
919 3979 979 4031 Non
991 3977 1047 4030 huc
1059 3994 1121 4030 sane
1136 3974 1257 4028 Horatia-

181 4082 245 4118 num
255 4063 390 4138 judicium
403 4073 429 4114 et
441 4080 550 4116 acumen
563 4063 676 4134 sapiunt.
695 4063 747 4116 En.
1243 4071 1244 4074 ’

216 4161 286 4215 Nor.
308 4159 353 4223 45.
369 4159 437 4226 Quis
450 4178 506 4212 non
517 4141 693 4232 indignatione
705 4157 740 4212 ad
751 4159 841 4212 satiras
853 4153 1002 4210 scribendas
1015 4153 1159 4218 excitetur,
1174 4167 1256 4224 quum
