3148 4990
390 433 625 502 EDITOlllS
652 431 693 500 N.
717 435 754 501 E.
770 436 1009 505 LEMAIRE.
1213 441 1247 504 ix
1333 503 1336 510 .

170 565 236 607 sanc
257 548 295 608 ad
311 568 422 610 verum
447 554 572 612 auctoris
600 564 711 610 textum
730 554 962 614 constituendum
983 555 1050 634 plus
1069 556 1249 638 adjumenti,

172 661 258 718 lpum
272 642 355 720 quod
368 643 496 724 legitime
509 645 557 702 rel
573 647 669 723 optari
683 645 782 723 possit.

214 737 279 793 Duo
290 736 387 814 prima
399 736 536 796 editionis
547 749 654 796 nostrae
665 738 815 798 volumina
825 740 974 798 luvenalis
986 741 1065 799 solus
1079 739 1128 798 illa
1140 760 1192 799 sus
1202 759 1254 798 su-

174 827 317 906 pellectile
327 828 463 908 implebit
474 851 481 886 :
491 830 606 888 tertium
615 830 715 888 Persio
727 849 919 904 reservamus,
930 833 981 910 qui
992 834 1156 892 necessario
1168 837 1257 891 Juve-
1278 871 1281 876 -

174 919 269 978 nalem
283 923 416 1000 sequitur
429 943 436 978 ε
450 922 491 980 ita
506 923 653 1001 conjuncti
668 921 728 981 duo
741 936 823 981 vates
839 931 946 1003 corpus
961 925 1104 1004 integrum
1118 925 1255 984 efficient.

174 1016 239 1070 Jam
246 1013 693 1074 uuusedoctissimisAcademiae
702 1013 871 1074 Parisiensis
881 1014 1049 1076 rhetoribus
1056 1037 1136 1075 suam
1144 1016 1175 1074 in
1184 1021 1255 1074 Pera

175 1105 221 1163 sio
236 1105 415 1184 publicando
430 1127 551 1184 operam
566 1105 636 1164 mihi
657 1105 810 1183 diligenter
830 1120 931 1181 navat,
947 1109 1025 1168 iuter
1046 1109 1256 1168 amantissimos

176 1198 302 1276 collegas
311 1219 409 1270 carus,
424 1211 453 1258 et
466 1212 572 1257 nostrae
579 1198 784 1258 Universitatis
796 1199 924 1256 futurum
937 1199 1026 1262 decus
1038 1213 1067 1258 et
1076 1198 1256 1279 praesidium.

216 1293 304 1360 Mox,
325 1303 357 1348 ut
371 1311 475 1370 spero,
490 1292 623 1349 ultimum
631 1289 704 1348 illud
718 1291 855 1350 volumen
864 1291 895 1348 in
905 1291 999 1350 lucem
1009 1290 1157 1369 prodibit,
1174 1291 1256 1370 cujus

173 1377 207 1438 in
220 1381 276 1439 linc
287 1383 429 1461 reperies,
440 1404 503 1462 quae
517 1385 636 1442 fortasse
647 1383 676 1440 in
689 1382 805 1441 duobus
815 1383 915 1462 primis
925 1383 1124 1454 voluminibus
1137 1381 1256 1442 deside-

174 1473 303 1542 raveris3
321 1484 350 1532 1⁰
366 1474 514 1534 Iuvenalis
529 1475 618 1534 vitam
627 1495 684 1550 per
698 1494 793 1530 annos
802 1475 1001 1549 probabilibus
1015 1474 1188 1544 conjecturis
1205 1475 1254 1530 di-

174 1579 306 1640 gestam,
323 1567 424 1644 quales
436 1567 496 1624 lere
509 1566 680 1624 Dotlrvellus
688 1563 780 1624 edidit
795 1565 963 1626 Velleiauos
974 1565 1102 1635 annales,
1113 1567 1258 1624 Ruaeuset

175 1659 309 1734 Heynius
323 1660 515 1738 Virgilianos,
532 1673 599 1732 etc.;
621 1667 652 1717 2⁰
666 1659 767 1718 Satirae
785 1657 865 1736 apud
884 1663 1033 1717 Romanos
1043 1657 1212 1730 historiam,
1228 1669 1259 1716 et

176 1749 215 1808 de
228 1752 382 1829 praecipuis
396 1753 518 1811 satiricis
535 1753 666 1822 Lucilio,
680 1751 822 1824 Horatio,
839 1752 952 1823 Persio,
969 1750 1124 1822 iuvenale,
1138 1750 1216 1807 inter
1227 1769 1258 1807 se

176 1843 365 1920 comparatis,
377 1843 446 1900 item
459 1843 602 1902 defructu
614 1863 650 1901 ex
661 1843 780 1900 illorum
790 1841 929 1920 operibus
940 1841 1133 1920 percipiendo
1145 1841 1255 1900 disser-

177 1935 300 1992 tationes
321 1933 438 1992 minime
462 1933 500 1992 ab
519 1935 652 1994 instituto
677 1947 778 1994 nostro
803 1935 926 2007 alicnas3
951 1935 986 1993 3⁰
1009 1934 1135 2016 denique
1154 1955 1258 1993 manu-

175 2026 352 2103 scriptorum
366 2024 493 2095 iudices;
507 2025 670 2102 catalogum
687 2023 862 2097 editionum;
877 2027 1040 2086 testimonie
1058 2025 1095 2084 dc
1115 2027 1258 2086 iuvenale

175 2131 206 2176 et
220 2119 328 2178 Persio.
357 2117 436 2190 Quid
454 2118 557 2196 plura?
578 2136 685 2194 sequar
698 2117 728 2174 in
745 2116 796 2176 illo
812 2137 930 2195 quoque
941 2119 1107 2188 volumine,
1125 2119 1258 2178 eamdem

175 2229 262 2288 quatu
279 2207 419 2266 hactenus
434 2209 549 2266 servavi
562 2210 721 2281 rationem3
740 2228 794 2266 nec
814 2229 831 2267 a
848 2210 1000 2287 proposito
1018 2207 1075 2268 line
1091 2209 1256 2284 discedam,

176 2317 210 2362 ut
223 2303 300 2358 nritil
312 2303 397 2369 boni,
412 2303 492 2376 quod
504 2320 543 2356 es·
554 2301 622 2356 aliis
633 2303 805 2358 editionibus
817 2303 1030 2380 colligiqueat,
1053 2305 1084 2357 in
1096 2323 1164 2359 ruea
1178 2304 1259 2360 deri-

174 2399 300 2452 deretur.
317 2397 389 2465 Quae
405 2394 428 2452 si
442 2392 569 2451 omnium
582 2393 676 2451 vicem
689 2392 752 2450 sola
764 2392 903 2472 supplere
915 2403 1025 2472 potest,
1040 2391 1134 2470 probe
1148 2413 1258 2452 consu-

174 2488 259 2546 luero
272 2483 431 2544 lectoribus
441 2485 512 2544 meis
523 2509 530 2542 ε
543 2497 682 2564 quantum
692 2485 769 2543 enim
779 2485 916 2562 impensae
926 2499 955 2543 et
966 2484 1076 2544 laboris
1086 2487 1257 2567 ponendum

176 2579 276 2638 luisset
287 2579 318 2638 iu
329 2590 371 2636 tot
381 2577 510 2654 undique
522 2576 605 2635 libris
616 2577 792 2648 coemendis,
804 2576 834 2636 id
848 2588 939 2634 totum
949 2577 1032 2635 lucro
1043 2593 1193 2658 apponant
1202 2601 1258 2639 ue-

175 2693 255 2732 cesse
265 2683 318 2741 est,
328 2669 457 2748 mihique
469 2681 619 2748 acceptum
633 2669 769 2727 referant.
782 2673 835 2740 lta,
847 2688 1013 2746 quanquam
1027 2671 1150 2746 plusculi
1161 2684 1258 2750 empta

175 2765 337 2835 volumina,
353 2763 459 2822 minori
472 2775 566 2822 tamen
581 2761 676 2839 pretio
689 2774 822 2820 constare
837 2779 895 2818 uon
910 2761 1055 2820 immerito
1069 2762 1257 2822 videbuntur.

216 2859 269 2914 Est
274 2875 346 2914 vero
356 2854 435 2932 quod
443 2855 547 2932 aliquis
556 2866 687 2912 austerus
696 2853 790 2912 lector
797 2853 827 2910 in
838 2853 966 2911 editione
976 2873 1040 2913 mea
1049 2855 1257 2933 reprehendat,

176 2947 256 3029 quod
266 2949 374 3006 crimen
384 2946 527 3005 mihicum
537 2945 670 3024 pluribus
678 2945 841 3004 editoribus
850 2965 1013 3019 commune,
1025 2967 1084 3006 non
1094 2948 1256 3009 dissimulo:

177 3042 286 3100 utinam
297 3043 404 3119 possim
419 3037 590 3098 defendere!
609 3041 758 3116 integrum
773 3036 852 3097 edidi
867 3051 1030 3112 auctorem,
1046 3039 1152 3118 dequo
1166 3041 1258 3100 multa

179 3133 309 3193 recidere
323 3133 432 3204 velint,
445 3123 494 3211 qui
508 3131 629 3210 pudicas
641 3151 725 3189 aures
739 3129 864 3202 habent,
878 3143 908 3188 et
921 3131 997 3188 ultra
1015 3132 1135 3192 modum
1150 3133 1258 3193 delica-

180 3241 241 3285 tas:
255 3225 347 3283 velint
362 3225 464 3283 saltem
484 3224 594 3281 nullum
608 3223 822 3293 commentarii,
837 3234 887 3280 aut
901 3221 1152 3301 interpretationis
1167 3243 1258 3301 genus

178 3321 214 3378 iis
225 3319 296 3376 locis
309 3317 454 3386 additum,
470 3337 534 3395 quae
545 3317 634 3375 satius
644 3317 696 3387 sit,
711 3327 743 3373 ut
755 3315 798 3374 illi
812 3326 931 3392 putant,
945 3315 1063 3372 omnino
1078 3335 1138 3373 non
1151 3315 1259 3374 intelli-

178 3430 255 3488 gere.
271 3413 374 3487 Neque
388 3428 442 3487 ego
455 3407 566 3466 inficias
579 3407 698 3478 iverim,
711 3406 860 3465 interdum
873 3406 989 3466 virtutis
1000 3408 1066 3466 loco
1078 3406 1259 3466 essebaben-

178 3503 261 3574 dum,
281 3503 420 3578 quoedam
438 3502 568 3558 nescire:
588 3519 621 3558 ac
640 3502 664 3558 si
684 3517 845 3577 puerorum
862 3511 913 3556 aut
928 3499 1211 3559 adolescentulorum
1227 3501 1258 3557 in

178 3597 299 3673 gratiam
313 3592 484 3664 scriberem,
496 3593 624 3652 inritatus
633 3612 724 3651 essem
736 3593 871 3654 Juvencii
882 3594 1066 3670 aliorumque
1077 3593 1258 3666 modestiam,

178 3687 310 3766 quamvis
326 3685 474 3744 interdum
490 3685 578 3744 nimia
593 3685 688 3744 videri
702 3685 803 3763 possit.
823 3684 881 3744 Sed
900 3686 973 3744 alios
987 3687 1113 3743 lectores
1131 3685 1188 3743 alia
1202 3684 1258 3744 de-

178 3795 252 3840 cent
273 3781 406 3839 Timidus
426 3793 522 3838 tamen
536 3791 711 3857 cautusque,
726 3791 759 3836 ut
776 3781 807 3840 in
821 3799 853 3837 re
869 3777 999 3850 lubrica,
1014 3777 1149 3836 diffidere
1167 3778 1259 3837 malui

177 3894 264 3952 quam
277 3893 393 3932 errare:
404 3871 463 3930 adii
471 3915 479 3942 ,
487 3872 621 3930 consului
632 3872 713 3930 viros
725 3879 814 3948 quum
829 3871 970 3930 doctrioae
982 3869 1085 3948 copis,
1098 3882 1157 3928 tum
1170 3873 1255 3930 etiam

176 3987 290 4027 morum
315 3967 480 4044 integritate
508 3985 542 4024 ao
569 3965 685 4044 pietatis
710 3964 807 4022 studio
836 3950 1089 4024 commendabiles.
1122 3968 1256 4038 Quorum

176 4083 277 4135 nemo,
300 4071 409 4142 prester
432 4079 521 4118 unum
543 4060 613 4129 fuit,
638 4060 689 4136 qui
713 4076 772 4116 non
793 4055 865 4116 mihi
888 4057 1015 4116 animum
1034 4056 1181 4118 labantem
1203 4059 1255 4114 lir-

174 4171 282 4230 maret,
296 4159 386 4218 allato
402 4155 489 4213 Bolaei
502 4154 594 4212 nostri
607 4155 769 4212 versiculo:

407 4265 454 4313 «Le
467 4263 526 4314 latin
538 4263 598 4312 dans
610 4263 648 4312 les
660 4273 724 4314 mots
735 4263 810 4312 brave
825 4259 998 4312 tumultus..
