3108 4986
155 401 1215 436 ἯἫττ-Ἴπππ-ω-
1075 418 1151 425 ....,...,
1157 415 1216 425 κ,-

414 629 661 718 sarram
686 626 957 742 ann'rn

521 779 851 880 sneunnnrnn.

359 1023 467 1088 Crispini
479 1023 521 1070 laic
534 1021 622 1070 Iacent
636 1021 710 1070 vitam
722 1032 881 1084 ventremque
895 1021 1016 1073 Neronis,

361 1109 396 1155 Ut
409 1122 478 1172 regas
491 1104 578 1154 avidos
592 1115 688 1168 carpat,
701 1120 833 1170 regumque
846 1104 950 1153 sodales.

147 1273 174 1308 Il
180 1273 341 1310 emmim·
347 1286 385 1296 -
391 1273 421 1308 11
428 1272 590 1308 I'fifflfflu.
598 1285 633 1295 ·-
641 1271 671 1307 nt
678 1271 858 1326 nemrim
864 1271 998 1306 mntem
1007 1271 1070 1306 POST
1078 1269 1206 1306 mimi!
1210 1293 1216 1304 .

447 1355 598 1392 carnotens
609 1355 755 1391 mooun!
765 1355 921 1390 DOUHIIIII·

168 1437 203 1471 n}
212 1437 344 1473 ΕΟΠΠῘΟ
354 1437 550 1474 nominih-
557 1440 593 1474 DE
602 1439 717 1476 uuonan
727 1439 807 1475 ΡΙΙΒΙ.
816 1453 852 1462 -·
859 1439 895 1474 DE
904 1439 985 1476 miii!
993 1437 1195 1473 murmurem„

183 1631 333 1688 Iuvenalis
344 1631 449 1688 iterum
461 1631 609 1688 invehitur
621 1633 651 1688 in
667 1632 831 1706 Crispinum
845 1630 1030 1708 AEgyptium,
1042 1629 1093 1704 qui
1104 1646 1120 1684 e
1131 1645 1216 1684 servo

148 1721 235 1778 Iactus
247 1723 345 1796 Eques
356 1725 503 1782 Romanus
514 1722 683 1780 libidinibus
696 1723 887 1797 omnibusque
898 1722 976 1778 vitiis
989 1740 1018 1778 se
1031 1719 1220 1795 inquinabat,

147 1825 176 1870 et
194 1825 271 1870 tanta
288 1813 441 1873 diffluebat
458 1815 587 1884 luxuria,
606 1825 639 1870 ut
655 1815 778 1875 mullum
796 1833 845 1872 sex
866 1813 992 1870 millibus
1012 1813 1070 1870 ns.
1089 1811 1216 1879 emisset,

60 1903 62 1907 ’
148 1923 175 1962 r.
192 1925 297 1976 1—27.
320 1907 393 1962 Inde
409 1907 588 1964 occasionem
602 1906 704 1976 sumit,
724 1907 807 1964 Calvi
818 1907 960 1974 Nemnis,
976 1907 1031 1962 hoc
1044 1914 1101 1974 est,
1117 1903 1218 1960 Domi-

150 1995 217 2052 tiani
233 1997 410 2069 insectandi,
426 2010 455 2054 et
473 1997 623 2056 consilium
639 2009 755 2074 patrum
774 2017 861 2074 super
877 1999 1020 2069 rhombo,
1041 2006 1219 2072 portentosae

147 2090 354 2166 magnitudinis
369 2090 446 2165 pisce
461 2091 614 2166 coquendo
629 2089 759 2150 habitum
774 2091 869 2166 lepide
880 2090 1035 2164 multisque
1048 2089 1153 2146 salibus
1165 2087 1218 2144 ad-

149 2181 245 2238 mixtis
259 2183 415 2256 describit,
428 2202 458 2238 v.
471 2185 616 2259 28—149.
639 2183 727 2242 Piscis
746 2185 823 2242 euim
841 2185 889 2240 ille
909 2202 1001 2258 prope
1013 2184 1111 2240 villam
1127 2183 1217 2240 Alba·

149 2293 214 2330 nam
225 2275 256 2330 in
267 2275 342 2332 mari
352 2275 519 2332 Hadriatico
533 2286 631 2350 captus
643 2286 703 2332 erat
709 2316 718 2346 ,
727 2287 764 2355 ,et
778 2286 857 2336 metu
871 2275 1033 2332 delatorum
1046 2294 1062 2331 a
1076 2274 1220 2350 piscatore

149 2365 228 2422 dono
250 2365 335 2423 datus
356 2377 498 2442 tyranno,
520 2364 588 2440 qui,
614 2384 802 2442 quaecumque
816 2367 958 2441 pretiosa,
982 2366 1067 2422 etism
1083 2365 1115 2420 in
1128 2364 1219 2433 mari,

150 2458 368 2530 invenirentur,
391 2468 526 2532 tanquam
542 2475 588 2513 res
601 2455 680 2527 fisci,
701 2457 756 2513 sibi
770 2456 949 2526 vindicabat,
966 2477 995 2512 v.
1012 2456 1139 2526 34—71.
1160 2454 1218 2512 Sed

150 2553 247 2608 deerat
262 2552 359 2626 patina
375 2551 441 2607 satis
454 2569 572 2626 magua,
589 2560 622 2608 ut
637 2549 783 2626 integrum
802 2561 915 2625 caperet
936 2550 1052 2626 piscem.
1084 2548 1159 2606 Hinc
1180 2548 1218 2603 ad

151 2647 359 2720 Imperatorem
371 2653 514 2702 vocantur
526 2644 623 2700 Patres
638 2641 709 2698 ioris
724 2652 846 2714 stantes,
863 2641 930 2716 qui,
945 2661 981 2698 ne
992 2643 1071 2715 justo
1086 2639 1218 2716 longiore

150 2723 230 2792 uiora
248 2734 366 2792 Caesaris
381 2734 453 2790 iram
469 2743 647 2808 provocent,
668 2751 793 2807 propere
814 2734 983 2810 trepideque
1003 2745 1173 2802 accurrunt,
1190 2743 1219 2788 et

150 2827 186 2884 de
199 2847 232 2884 re
245 2825 411 2903 gravissima
423 2824 592 2882 sententiam
605 2823 701 2882 dicere
717 2823 871 2898 jubentur,
885 2837 984 2885 utrum
1003 2825 1110 2882 scilicet
1134 2825 1219 2898 piscis

151 2919 198 2975 ille
218 2917 334 2995 integer
355 2917 522 2992 coqnendus
539 2915 577 2972 ait
590 2927 618 2972 et
633 2917 839 2991 apponendus,
861 2919 941 2974 auin
958 2930 1053 2993 partes
1069 2919 1220 2988 concisus,

151 3031 179 3067 v.
192 3029 287 3082 72-r
296 3029 340 3065 ra.
355 3011 465 3066 Eorum
477 3005 668 3066 dissertissimi
680 3020 747 3065 sunt
760 3010 889 3068 Catullus
902 3011 1095 3081 Messallinus,
1111 3030 1221 3081 caecus,

151 3115 179 3161 et
190 3107 212 3160 F
213 3101 340 3160 abricius
349 3099 488 3174 Veiento,
501 3099 629 3174 prudens
642 3100 789 3172 adulator,
800 3122 829 3158 r.
845 3102 1007 3181 113-7118.
1023 3105 1074 3160 ille
1090 3106 1220 3160 omnium

152 3197 276 3254 maxime
289 3193 516 3270 magnitudinem
526 3192 659 3262 rhombi,
675 3211 761 3267 quem
774 3213 810 3250 ne
821 3194 901 3251 videt
912 3195 1043 3268 quidem,
1058 3197 1181 3254 miratur
1191 3209 1221 3254 et

152 3288 306 3365 praedicat,
317 3307 345 3342 v.
360 3301 522 3361 rip—raa.
534 3282 604 3355 Hic,
613 3283 731 3342 numine
740 3287 820 3359 quasi
829 3283 954 3360 afflatus,
965 3309 1000 3344 ex
1010 3308 1059 3360 eo,
1069 3290 1150 3364 quod
1159 3291 1221 3348 bel-

152 3383 197 3438 lua
206 3382 244 3438 sit
254 3379 422 3456 peregrina,
435 3387 464 3433 et
474 3375 574 3450 spinae,
585 3375 632 3430 vel
641 3373 748 3449 pinnae,
763 3379 886 3435 telorum
897 3379 1000 3450 instar,
1011 3381 1042 3438 in
1053 3392 1136 3458 tergo
1148 3383 1219 3440 hor-

155 3486 248 3542 reant,
265 3475 335 3530 Ielix
348 3489 433 3528 omen
447 3468 516 3526 belli
530 3487 594 3526 cum
607 3486 675 3542 rege
687 3468 784 3542 aliquo
796 3471 931 3545 gerendi,
945 3473 1071 3548 clarique
1082 3474 1221 3548 triumphi

154 3570 243 3644 capit,
254 3587 282 3621 v.
298 3564 462 3638 rai-129.
473 3561 638 3634 Qnaestione
649 3560 754 3620 deinde
767 3561 815 3616 illa
826 3563 863 3617 ab
873 3565 1051 3638 Imperatore
1059 3566 1222 3640 proposita,

155 3662 262 3735 diuque
274 3659 447 3732 disceptata,
463 3653 554 3710 vincit
568 3652 683 3708 tandem
696 3653 833 3710 sententia
851 3656 1001 3725 Montani,
1017 3656 1141 3717 hominis
1152 3676 1223 3714 ven-

156 3754 250 3822 triosi,
260 3752 393 3828 gulaque
401 3747 543 3814 delicatae,
555 3745 604 3820 qui
612 3745 758 3822 integrum
765 3745 872 3821 piscem
880 3747 1224 3823 coquendum,patinam·

155 3865 211 3922 que
228 3839 429 3920 magnitudine
452 3838 478 3894 ei
498 3839 634 3912 aequalem
650 3857 665 3894 a
682 3835 777 3914 figulis
791 3856 916 3914 propere
934 3837 1144 3916 effingendam,
1170 3841 1223 3898 hos

155 3957 225 3996 vero
238 3937 270 3992 in
284 3945 435 4010 posterum
448 3929 597 3987 comitatui
608 3931 724 3986 Caesaris
737 3929 935 4006 adjungendos
950 3944 1111 4007 censuerat,
1124 3955 1153 3992 v.
1169 3935 1224 3992 rio

155 4031 262 4098 -mt
275 4029 354 4084 Tum
365 4023 521 4081 dimittitur
530 4023 667 4093 Senatus,
683 4041 769 4097 quem
784 4025 946 4098 Imperator
960 4044 1153 4102 approperare
1166 4027 1225 4102 jus-

155 4133 244 4192 serat,
262 4132 403 4193 tanqunm
418 4115 454 4172 de
467 4135 499 4172 re
512 4114 678 4190 gravissima
697 4115 733 4170 ad
752 4133 817 4174 cum
834 4115 994 4187 relaturus,
1014 4138 1042 4173 r.
1060 4126 1224 4194 Usi-¹49·
