3148 4990
289 403 328 478 14
558 399 600 462 D.
627 397 767 462 JUNII
795 395 1080 464 JUVENALIS

284 513 476 582 Conductas
491 512 658 582 Corvinus
673 509 776 579 oves?
790 515 865 606 Ego
881 512 1036 607 possideo
1052 512 1127 609 plus

285 621 434 691 Pallante
450 638 485 691 et
500 619 647 690 Licinis:
665 635 859 715 exspectent
874 647 956 718 ergo
974 624 1119 712 tribuni;

285 736 435 804 Vincant
449 733 574 803 divitiae
589 758 597 799 :
615 751 709 800 sacro
726 755 790 802 nec
806 732 904 802 cedat
919 733 1058 820 honori,
1305 765 1356 801 uo

285 847 406 938 Nuper
423 843 458 912 in
475 844 562 912 hanc
578 843 697 912 urbem
714 840 858 935 pedibus
875 843 933 935 qui
949 858 1087 913 venerat
1101 843 1201 932 albis;

285 953 566 1048 Quandoquidem
583 954 672 1022 inter
687 977 749 1020 nos
765 953 971 1021 sanctissima
987 955 1191 1024 Diuitiarum

287 1064 463 1158 Majestas;
482 1065 543 1132 etsi
560 1062 692 1132 fimesta
708 1062 856 1132 Pecunia
871 1060 998 1157 templo

286 1173 448 1244 Nondum
465 1171 612 1257 habitas,
629 1170 736 1239 nullas
752 1195 968 1240 nummorum
984 1174 1150 1244 ereximus
1166 1199 1255 1263 aras,

288 1285 336 1351 Ut
352 1281 474 1352 colitur
490 1284 577 1364 Pax,
594 1296 694 1373 atque
710 1280 825 1367 Fides,
841 1281 1010 1368 Victoria,
1027 1281 1161 1372 Virtus,
1306 1296 1356 1348 us

286 1393 438 1485 Quaque
454 1391 597 1462 salutato
613 1391 756 1486 crepitat
771 1393 961 1462 Concordia
976 1393 1068 1464 nido.

336 1503 401 1571 Sed
418 1527 522 1596 quum
539 1525 687 1570 summus
703 1501 816 1570 honor
830 1501 927 1572 finito
943 1519 1117 1599 computet
1133 1529 1240 1593 anno,

287 1610 445 1705 Sportula
460 1611 544 1705 quid
560 1611 699 1697 referat,
717 1626 879 1704 quantum
896 1612 1083 1682 rationibus
1098 1613 1216 1701 addat,

287 1720 379 1808 Quid
389 1720 512 1790 facient
521 1721 677 1808 comites,
689 1721 905 1816 quibushinc
915 1735 1010 1816 toga,
1021 1723 1152 1793 calceus
1163 1725 1242 1794 hinc
1251 1739 1314 1810 est,

287 1832 333 1898 Et
348 1830 443 1923 panis
459 1829 636 1924 fumusque
651 1827 765 1898 domi?
780 1829 974 1899 densissima
990 1848 1126 1902 centurn
1309 1862 1359 1897 120

287 1939 500 2025 Quadrantes
516 1938 634 2008 lectica
650 1940 752 2034 petit,
768 1941 988 2035 sequiturque
1004 1944 1161 2012 maritum

289 2047 483 2142 Languida,
499 2047 553 2117 vel
570 2041 765 2144 pr'aegnans,
781 2063 815 2118 et
831 2050 1094 2122 circumducitur
1109 2076 1203 2122 uxor.

289 2157 354 2228 Hic
371 2158 458 2252 petit
473 2159 622 2252 absenti,
639 2175 720 2229 nota
731 2160 801 2253 jam
819 2159 956 2232 callidus
971 2177 1060 2249 arte,

287 2408 359 2467 agro
370 2391 505 2446 Laurenti
520 2390 633 2465 pascat?
650 2393 765 2446 Mecum
779 2410 841 2448 non
854 2401 998 2448 certarent
1013 2392 1116 2468 opibus
1131 2393 1223 2450 Pallas
1238 2402 1267 2450 et
1281 2391 1361 2449 Lici-

289 2485 354 2540 nius
367 2505 373 2539 :
386 2485 498 2540 tribuni
512 2501 581 2560 ergo
596 2496 775 2558 exspectent:
791 2485 921 2560 priorem
934 2486 1030 2542 locum
1047 2485 1192 2557 obtineat,
1209 2487 1259 2560 qui
1272 2486 1361 2543 ditior

290 2589 346 2648 est;
361 2597 415 2634 nee
430 2587 624 2634 sacro-sancto
636 2579 679 2633 illi
694 2578 872 2656 magistratui
884 2577 1039 2649 concedat,
1056 2579 1106 2654 qui
1120 2599 1180 2636 non
1195 2579 1232 2636 ita
1246 2579 1361 2654 pridem

289 2671 411 2726 Romam
425 2669 523 2726 oblitis
537 2687 628 2745 gypso
641 2671 764 2744 pedibus
777 2671 906 2741 accessit3
919 2671 1056 2745 quoniam
1070 2691 1137 2728 sane
1150 2671 1255 2727 divinis
1268 2673 1363 2729 liono-

289 2762 371 2820 ribns
387 2763 536 2838 pecuniam
552 2763 769 2838 prosequimur,
790 2764 856 2820 licet
874 2763 1004 2818 nondum
1024 2763 1077 2838 ipsi
1096 2763 1232 2838 templum
1255 2763 1291 2817 sit
1311 2781 1363 2818 ex-

289 2863 447 2923 stinctum,
459 2854 582 2910 necdum
594 2855 659 2910 ulle
670 2855 794 2911 nummis
808 2873 864 2910 arae
877 2854 984 2911 fuerint
997 2857 1113 2930 positae,
1124 2856 1168 2910 nti
1181 2855 1280 2929 positae
1295 2865 1364 2911 sunt

290 2945 371 3015 Paci,
392 2945 488 3016 Fidei,
507 2933 659 3017 Victoriae,
679 2946 790 3003 Virtuti
812 2958 899 3021 atque
917 2947 1100 3016 Concordia,
1124 2945 1204 3020 cujus
1223 2947 1363 3021 templum

289 3047 405 3095 resonat
422 3039 546 3112 strepitu
563 3038 736 3094 ciconiarum
755 3039 788 3093 in
809 3037 868 3112 ejns
887 3040 1016 3096 turribus
1031 3037 1256 3110 nidificantium,
1273 3057 1363 3114 quum

290 3129 374 3186 nidos
387 3147 461 3202 quos
477 3139 573 3184 exacta
588 3129 692 3204 hyeme
707 3130 848 3202 revisunt,
863 3132 929 3187 laeto
942 3131 1079 3188 videntur
1092 3133 1194 3205 plausu
1207 3131 1363 3187 salutare.»

333 3245 397 3292 ¹17·
419 3225 509 3296 Qnod
518 3225 542 3281 si
551 3225 693 3301 primores
700 3227 782 3283 urbis
792 3227 884 3292 cives.
897 3228 948 3303 qui
960 3246 1086 3286 summos
1097 3229 1127 3283 in
1138 3247 1170 3283 ea
1181 3228 1363 3303 magistratus

289 3321 414 3394 gerunt,
430 3327 552 3374 exeunte
568 3336 644 3374 anno
665 3317 840 3376 reserantia
856 3319 963 3376 librum
980 3339 1095 3375 snorum
1112 3319 1273 3388 rationum,
1291 3319 1363 3393 quid

289 3416 423 3484 apportet
445 3409 514 3483 ipsis
530 3410 603 3464 lucri
618 3411 764 3484 sportula,
787 3423 921 3487 quantam
938 3411 974 3466 ad
990 3429 1105 3466 censum
1125 3428 1251 3466 annuum
1269 3429 1363 3466 acces-

288 3503 399 3559 sionem
415 3501 512 3570 faciat3
536 3521 622 3576 quarn
638 3502 771 3558 miseram
793 3523 852 3560 esse
870 3503 1016 3560 clientium
1034 3501 1231 3559 conditionem
1250 3519 1363 3558 necesse

290 3609 345 3666 est,
355 3596 405 3671 qui
414 3610 502 3652 censu
511 3595 591 3652 omni
601 3605 629 3652 et
638 3595 815 3669 patrimonio
825 3609 968 3668 carentes,
978 3615 1012 3652 ex
1020 3596 1069 3668 iis,
1080 3617 1175 3671 qnosa
1185 3606 1309 3671 patrono
1317 3615 1365 3650 ca-

289 3689 387 3765 piunt,
397 3687 571 3755 nummulis,
583 3697 728 3760 coguntur
738 3697 848 3763 togam,
860 3689 982 3757 calceos,
993 3707 1110 3762 panem,
1122 3705 1250 3762 acpanca
1261 3685 1364 3756 uvida,

290 3781 395 3854 quibus
409 3781 505 3836 focum
516 3780 691 3848 'accendant,
707 3781 785 3857 ligna
803 3782 916 3838 emere?
932 3782 1028 3851 Quid,
1042 3779 1123 3855 quod
1137 3779 1191 3855 ipsi
1208 3778 1320 3835 nobiles
1334 3779 1365 3832 in

290 3869 398 3927 lecticis
414 3874 531 3948 gestati,
549 3872 586 3928 ad
609 3883 724 3928 centum
741 3873 806 3929 illos
822 3875 994 3948 quadrantes
1014 3873 1211 3950 corrogandos
1227 3871 1366 3947 frequen-

291 3963 392 4020 tissimi
406 3968 578 4035 convolant3
595 3986 648 4024 nec
662 3966 719 4024 viri
734 3977 858 4038 tantum,
876 3969 927 4026 sed
940 3970 1057 4026 illorum
1071 3968 1155 4024 etiam
1171 3985 1293 4037 uxores,
1312 3963 1365 4022 etsi

291 4067 405 4135 aegrota
417 4061 464 4115 vel
480 4061 622 4137 gravidae,
637 4080 701 4136 quse
714 4081 768 4136 per
781 4061 878 4117 omnia
897 4063 994 4118 limina
1014 4061 1271 4129 circumferuntur,
1291 4057 1364 4113 adeo

290 4162 324 4207 ut
332 4151 434 4227 aliquis
444 4149 682 4230 callidior'(quod
692 4152 845 4212 artificium
854 4155 913 4231 jam
924 4167 966 4213 est
976 4153 1194 4233 pervulgatum)
1206 4151 1364 4230 sportulam
