<?xml version="1.0" encoding="UTF-8"?>
<!DOCTYPE html PUBLIC "-//W3C//DTD XHTML 1.0 Transitional//EN"
    "http://www.w3.org/TR/xhtml1/DTD/xhtml1-transitional.dtd">
<html xmlns="http://www.w3.org/1999/xhtml" xml:lang="en" lang="en">
 <head>
  <title>
</title>
<meta http-equiv="Content-Type" content="text/html;charset=utf-8" />
  <meta name='ocr-system' content='tesseract 3.04.00' />
  <meta name='ocr-capabilities' content='ocr_page ocr_carea ocr_par ocr_line ocrx_word'/>
</head>
<body>
  <div class='ocr_page' id='page_1' title='image "./sexdecimsatir01lemagoog_0377.png"; bbox 0 0 3056 4984; ppageno 0'>
   <div class='ocr_carea' id='block_1_1' title="bbox 311 360 1100 447">
    <p class='ocr_par' dir='ltr' id='par_1_1' title="bbox 311 360 1100 447">
     <span class='ocr_line' id='line_1_1' title="bbox 311 360 1100 447; baseline 0.004 -3"><span class='ocrx_word' id='word_1_1' title='bbox 311 379 375 445; x_wconf 80' lang='lat' dir='ltr'>sss</span> <span class='ocrx_word' id='word_1_2' title='bbox 585 379 626 443; x_wconf 87' lang='lat' dir='ltr'>o.</span> <span class='ocrx_word' id='word_1_3' title='bbox 652 360 791 442; x_wconf 79' lang='lat' dir='ltr'>suun</span> <span class='ocrx_word' id='word_1_4' title='bbox 817 377 1100 447; x_wconf 75' lang='lat' dir='ltr'>Juvenatts</span> 
     </span>
    </p>
   </div>
   <div class='ocr_carea' id='block_1_2' title="bbox 306 490 1375 1028">
    <p class='ocr_par' dir='ltr' id='par_1_2' title="bbox 310 490 1139 590">
     <span class='ocr_line' id='line_1_2' title="bbox 310 490 1139 590; baseline 0.005 -28"><span class='ocrx_word' id='word_1_5' title='bbox 310 492 371 564; x_wconf 85' lang='lat' dir='ltr'>Nil</span> <span class='ocrx_word' id='word_1_6' title='bbox 387 493 470 562; x_wconf 91' lang='lat' dir='ltr'>rude</span> <span class='ocrx_word' id='word_1_7' title='bbox 485 517 548 562; x_wconf 89' lang='lat' dir='ltr'>nec</span> <span class='ocrx_word' id='word_1_8' title='bbox 562 490 706 588; x_wconf 84' lang='lat' dir='ltr'>simplex</span> <span class='ocrx_word' id='word_1_9' title='bbox 719 491 905 561; x_wconf 83' lang='lat' dir='ltr'><strong>rescribere</strong></span> <span class='ocrx_word' id='word_1_10' title='bbox 921 519 929 561; x_wconf 75' lang='lat' dir='ltr'><strong><em>z</em></strong></span> <span class='ocrx_word' id='word_1_11' title='bbox 945 493 1069 590; x_wconf 82' lang='lat' dir='ltr'>decipit</span> <span class='ocrx_word' id='word_1_12' title='bbox 1084 493 1139 566; x_wconf 87' lang='lat' dir='ltr'>illa</span> 
     </span>
    </p>

    <p class='ocr_par' dir='ltr' id='par_1_3' title="bbox 306 601 1375 808">
     <span class='ocr_line' id='line_1_3' title="bbox 308 601 1375 700; baseline 0.004 -27"><span class='ocrx_word' id='word_1_13' title='bbox 308 603 491 688; x_wconf 89' lang='lat' dir='ltr'><strong>Custodes,</strong></span> <span class='ocrx_word' id='word_1_14' title='bbox 505 618 562 671; x_wconf 88' lang='lat' dir='ltr'>aut</span> <span class='ocrx_word' id='word_1_15' title='bbox 576 627 641 672; x_wconf 85' lang='lat' dir='ltr'>aere</span> <span class='ocrx_word' id='word_1_16' title='bbox 659 601 790 686; x_wconf 72' lang='lat' dir='ltr'>domat,</span> <span class='ocrx_word' id='word_1_17' title='bbox 807 616 888 672; x_wconf 89' lang='lat' dir='ltr'>tunc</span> <span class='ocrx_word' id='word_1_18' title='bbox 903 628 1047 700; x_wconf 87' lang='lat' dir='ltr'>corpore</span> <span class='ocrx_word' id='word_1_19' title='bbox 1063 631 1144 675; x_wconf 89' lang='lat' dir='ltr'>sano</span> <span class='ocrx_word' id='word_1_20' title='bbox 1329 622 1375 678; x_wconf 78' lang='lat'>235</span> 
     </span>
     <span class='ocr_line' id='line_1_4' title="bbox 306 711 1170 808; baseline 0 -25"><span class='ocrx_word' id='word_1_21' title='bbox 306 712 460 783; x_wconf 87' lang='lat' dir='ltr'>Advocat</span> <span class='ocrx_word' id='word_1_22' title='bbox 472 711 704 805; x_wconf 84' lang='lat' dir='ltr'>Archigenen,</span> <span class='ocrx_word' id='word_1_23' title='bbox 720 735 929 805; x_wconf 83' lang='lat' dir='ltr'>onerosaque</span> <span class='ocrx_word' id='word_1_24' title='bbox 946 712 1045 807; x_wconf 88' lang='lat' dir='ltr'>pallia</span> <span class='ocrx_word' id='word_1_25' title='bbox 1056 715 1170 808; x_wconf 90' lang='lat' dir='ltr'>jactat.</span> 
     </span>
    </p>

    <p class='ocr_par' dir='ltr' id='par_1_4' title="bbox 307 821 1058 911">
     <span class='ocr_line' id='line_1_5' title="bbox 307 821 1058 911; baseline -0.001 -18"><span class='ocrx_word' id='word_1_26' title='bbox 307 823 450 893; x_wconf 89' lang='lat' dir='ltr'>Abditus</span> <span class='ocrx_word' id='word_1_27' title='bbox 464 822 593 891; x_wconf 90' lang='lat' dir='ltr'>interea</span> <span class='ocrx_word' id='word_1_28' title='bbox 606 821 688 892; x_wconf 89' lang='lat' dir='ltr'>latet</span> <span class='ocrx_word' id='word_1_29' title='bbox 705 837 739 890; x_wconf 92' lang='lat' dir='ltr'>et</span> <span class='ocrx_word' id='word_1_30' title='bbox 752 836 901 890; x_wconf 89' lang='lat' dir='ltr'>secretus</span> <span class='ocrx_word' id='word_1_31' title='bbox 915 821 1058 911; x_wconf 86' lang='lat' dir='ltr'>adulter,</span> 
     </span>
    </p>

    <p class='ocr_par' dir='ltr' id='par_1_5' title="bbox 306 931 1158 1028">
     <span class='ocr_line' id='line_1_6' title="bbox 306 931 1158 1028; baseline 0 -26"><span class='ocrx_word' id='word_1_32' title='bbox 306 935 558 1028; x_wconf 81' lang='lat' dir='ltr'>Impatiensque</span> <span class='ocrx_word' id='word_1_33' title='bbox 570 957 674 1001; x_wconf 75' lang='lat' dir='ltr'>morae</span> <span class='ocrx_word' id='word_1_34' title='bbox 689 945 808 1026; x_wconf 89' lang='lat' dir='ltr'>pavet,</span> <span class='ocrx_word' id='word_1_35' title='bbox 825 946 860 998; x_wconf 90' lang='lat' dir='ltr'>et</span> <span class='ocrx_word' id='word_1_36' title='bbox 874 931 1040 1028; x_wconf 73' lang='lat' dir='ltr'>praeputia</span> <span class='ocrx_word' id='word_1_37' title='bbox 1055 933 1158 1003; x_wconf 89' lang='lat' dir='ltr'>ducit.</span> 
     </span>
    </p>
   </div>
   <div class='ocr_carea' id='block_1_3' title="bbox 202 1038 1131 1137">
    <p class='ocr_par' dir='ltr' id='par_1_6' title="bbox 202 1038 1131 1137">
     <span class='ocr_line' id='line_1_7' title="bbox 202 1038 1131 1137; baseline -0.002 -24"><span class='ocrx_word' id='word_1_38' title='bbox 202 1107 207 1124; x_wconf 84' lang='grc'><em>,</em></span> <span class='ocrx_word' id='word_1_39' title='bbox 306 1041 441 1113; x_wconf 83' lang='lat' dir='ltr'>Scilicet</span> <span class='ocrx_word' id='word_1_40' title='bbox 455 1056 643 1137; x_wconf 86' lang='lat' dir='ltr'>exspectas,</span> <span class='ocrx_word' id='word_1_41' title='bbox 657 1054 696 1107; x_wconf 93' lang='lat' dir='ltr'>ut</span> <span class='ocrx_word' id='word_1_42' title='bbox 709 1038 819 1108; x_wconf 89' lang='lat' dir='ltr'>tradat</span> <span class='ocrx_word' id='word_1_43' title='bbox 831 1054 939 1107; x_wconf 87' lang='lat' dir='ltr'>mater</span> <span class='ocrx_word' id='word_1_44' title='bbox 954 1041 1131 1126; x_wconf 88' lang='lat' dir='ltr'>honestos,</span> 
     </span>
    </p>
   </div>
   <div class='ocr_carea' id='block_1_4' title="bbox 303 1149 1377 2235">
    <p class='ocr_par' dir='ltr' id='par_1_7' title="bbox 303 1149 1377 2235">
     <span class='ocr_line' id='line_1_8' title="bbox 306 1149 1377 1248; baseline -0.005 -25"><span class='ocrx_word' id='word_1_45' title='bbox 306 1155 418 1248; x_wconf 89' lang='lat' dir='ltr'>Atque</span> <span class='ocrx_word' id='word_1_46' title='bbox 434 1151 515 1220; x_wconf 94' lang='lat' dir='ltr'>alios</span> <span class='ocrx_word' id='word_1_47' title='bbox 530 1175 656 1236; x_wconf 87' lang='lat' dir='ltr'>mores,</span> <span class='ocrx_word' id='word_1_48' title='bbox 673 1173 775 1243; x_wconf 88' lang='lat' dir='ltr'>quam</span> <span class='ocrx_word' id='word_1_49' title='bbox 790 1173 874 1242; x_wconf 93' lang='lat' dir='ltr'>quos</span> <span class='ocrx_word' id='word_1_50' title='bbox 890 1149 1012 1218; x_wconf 78' lang='lat' dir='ltr'>habet?</span> <span class='ocrx_word' id='word_1_51' title='bbox 1025 1151 1107 1221; x_wconf 93' lang='lat' dir='ltr'>utile</span> <span class='ocrx_word' id='word_1_52' title='bbox 1121 1175 1225 1247; x_wconf 93' lang='lat' dir='ltr'>porro</span> <span class='ocrx_word' id='word_1_53' title='bbox 1330 1171 1377 1228; x_wconf 69' lang='lat' dir='ltr'>sto</span> 
     </span>
     <span class='ocr_line' id='line_1_9' title="bbox 306 1257 1069 1354; baseline -0.001 -24"><span class='ocrx_word' id='word_1_54' title='bbox 306 1260 456 1330; x_wconf 81' lang='lat' dir='ltr'>Filiolam</span> <span class='ocrx_word' id='word_1_55' title='bbox 472 1257 564 1353; x_wconf 87' lang='lat' dir='ltr'>turpi</span> <span class='ocrx_word' id='word_1_56' title='bbox 579 1257 700 1327; x_wconf 73' lang='lat' dir='ltr'>vetula</span> <span class='ocrx_word' id='word_1_57' title='bbox 717 1257 907 1352; x_wconf 90' lang='lat' dir='ltr'>producere</span> <span class='ocrx_word' id='word_1_58' title='bbox 922 1274 1069 1354; x_wconf 86' lang='lat' dir='ltr'>turpem.</span> 
     </span>
     <span class='ocr_line' id='line_1_10' title="bbox 354 1349 1233 1462; baseline -0.001 -22"><span class='ocrx_word' id='word_1_59' title='bbox 354 1349 462 1441; x_wconf 68' lang='lat' dir='ltr'>Nulla</span> <span class='ocrx_word' id='word_1_60' title='bbox 469 1368 541 1437; x_wconf 85' lang='lat' dir='ltr'>fere</span> <span class='ocrx_word' id='word_1_61' title='bbox 555 1354 676 1440; x_wconf 61' lang='lat' dir='ltr'>caussav</span> <span class='ocrx_word' id='word_1_62' title='bbox 686 1384 755 1455; x_wconf 90' lang='lat' dir='ltr'>est,</span> <span class='ocrx_word' id='word_1_63' title='bbox 773 1369 809 1436; x_wconf 91' lang='lat' dir='ltr'>in</span> <span class='ocrx_word' id='word_1_64' title='bbox 827 1391 895 1462; x_wconf 93' lang='lat' dir='ltr'>qua</span> <span class='ocrx_word' id='word_1_65' title='bbox 910 1393 979 1436; x_wconf 90' lang='lat' dir='ltr'>non</span> <span class='ocrx_word' id='word_1_66' title='bbox 996 1367 1122 1439; x_wconf 88' lang='lat' dir='ltr'>femina</span> <span class='ocrx_word' id='word_1_67' title='bbox 1137 1370 1233 1439; x_wconf 89' lang='lat' dir='ltr'>litem</span> 
     </span>
     <span class='ocr_line' id='line_1_11' title="bbox 306 1475 1085 1562; baseline -0.003 -12"><span class='ocrx_word' id='word_1_68' title='bbox 306 1475 456 1550; x_wconf 86' lang='lat' dir='ltr'>Moverit</span> <span class='ocrx_word' id='word_1_69' title='bbox 471 1504 479 1546; x_wconf 75' lang='grc' dir='ltr'><em>τ</em></span> <span class='ocrx_word' id='word_1_70' title='bbox 495 1493 628 1548; x_wconf 88' lang='lat' dir='ltr'>accusat</span> <span class='ocrx_word' id='word_1_71' title='bbox 645 1476 803 1562; x_wconf 88' lang='lat' dir='ltr'>Manilia,</span> <span class='ocrx_word' id='word_1_72' title='bbox 818 1478 846 1546; x_wconf 92' lang='lat' dir='ltr'>si</span> <span class='ocrx_word' id='word_1_73' title='bbox 863 1502 920 1546; x_wconf 86' lang='lat' dir='ltr'>rea</span> <span class='ocrx_word' id='word_1_74' title='bbox 936 1503 1005 1547; x_wconf 95' lang='lat' dir='ltr'>non</span> <span class='ocrx_word' id='word_1_75' title='bbox 1023 1495 1085 1548; x_wconf 92' lang='lat' dir='ltr'>est.</span> 
     </span>
     <span class='ocr_line' id='line_1_12' title="bbox 303 1583 1163 1683; baseline -0.003 -23"><span class='ocrx_word' id='word_1_76' title='bbox 303 1593 523 1683; x_wconf 87' lang='lat' dir='ltr'>Componunt</span> <span class='ocrx_word' id='word_1_77' title='bbox 541 1583 623 1682; x_wconf 64' lang='lat' dir='ltr'>ipsae&#39;</span> <span class='ocrx_word' id='word_1_78' title='bbox 635 1611 698 1680; x_wconf 87' lang='lat' dir='ltr'>per</span> <span class='ocrx_word' id='word_1_79' title='bbox 712 1611 765 1671; x_wconf 90' lang='lat' dir='ltr'>sc,</span> <span class='ocrx_word' id='word_1_80' title='bbox 782 1584 998 1682; x_wconf 86' lang='lat' dir='ltr'>formantque</span> <span class='ocrx_word' id='word_1_81' title='bbox 1014 1588 1163 1677; x_wconf 88' lang='lat' dir='ltr'>libellos,</span> 
     </span>
     <span class='ocr_line' id='line_1_13' title="bbox 305 1696 1377 1793; baseline -0.002 -25"><span class='ocrx_word' id='word_1_82' title='bbox 305 1699 514 1793; x_wconf 88' lang='lat' dir='ltr'>Principium</span> <span class='ocrx_word' id='word_1_83' title='bbox 529 1713 629 1792; x_wconf 90' lang='lat' dir='ltr'>atque</span> <span class='ocrx_word' id='word_1_84' title='bbox 644 1696 736 1766; x_wconf 90' lang='lat' dir='ltr'>locos</span> <span class='ocrx_word' id='word_1_85' title='bbox 748 1697 847 1767; x_wconf 89' lang='lat' dir='ltr'>Celso</span> <span class='ocrx_word' id='word_1_86' title='bbox 861 1697 990 1767; x_wconf 87' lang='lat' dir='ltr'>dictare</span> <span class='ocrx_word' id='word_1_87' title='bbox 1005 1713 1140 1793; x_wconf 83' lang='lat' dir='ltr'>paratae.</span> <span class='ocrx_word' id='word_1_88' title='bbox 1330 1714 1377 1776; x_wconf 74' lang='lat'>245</span> 
     </span>
     <span class='ocr_line' id='line_1_14' title="bbox 354 1799 1250 1902; baseline -0.003 -24"><span class='ocrx_word' id='word_1_89' title='bbox 354 1807 577 1879; x_wconf 88' lang='lat' dir='ltr'>Endromidas</span> <span class='ocrx_word' id='word_1_90' title='bbox 591 1808 728 1902; x_wconf 86' lang='lat' dir='ltr'>Tyrias,</span> <span class='ocrx_word' id='word_1_91' title='bbox 746 1822 780 1875; x_wconf 90' lang='lat' dir='ltr'>et</span> <span class='ocrx_word' id='word_1_92' title='bbox 797 1805 981 1876; x_wconf 84' lang='lat' dir='ltr'>femineum</span> <span class='ocrx_word' id='word_1_93' title='bbox 1000 1831 1137 1877; x_wconf 92' lang='lat' dir='ltr'>ceroma</span> <span class='ocrx_word' id='word_1_94' title='bbox 1246 1799 1250 1808; x_wconf 72' lang='grc'><strong><em>’</em></strong></span> 
     </span>
     <span class='ocr_line' id='line_1_15' title="bbox 306 1915 1137 2014; baseline -0.005 -24"><span class='ocrx_word' id='word_1_95' title='bbox 306 1920 391 2010; x_wconf 89' lang='lat' dir='ltr'>Quis</span> <span class='ocrx_word' id='word_1_96' title='bbox 406 1917 534 1988; x_wconf 83' lang='lat' dir='ltr'>nescit?</span> <span class='ocrx_word' id='word_1_97' title='bbox 548 1916 601 1986; x_wconf 87' lang='lat' dir='ltr'>vel</span> <span class='ocrx_word' id='word_1_98' title='bbox 616 1918 690 2011; x_wconf 92' lang='lat' dir='ltr'>quis</span> <span class='ocrx_word' id='word_1_99' title='bbox 705 1940 774 1984; x_wconf 94' lang='lat' dir='ltr'>non</span> <span class='ocrx_word' id='word_1_100' title='bbox 788 1916 874 1985; x_wconf 87' lang='lat' dir='ltr'>vidit</span> <span class='ocrx_word' id='word_1_101' title='bbox 889 1916 1030 1986; x_wconf 87' lang='lat' dir='ltr'>vulnera</span> <span class='ocrx_word' id='word_1_102' title='bbox 1046 1915 1137 2014; x_wconf 89' lang='lat' dir='ltr'>pali?</span> 
     </span>
     <span class='ocr_line' id='line_1_16' title="bbox 308 2025 1198 2121; baseline -0.004 -21"><span class='ocrx_word' id='word_1_103' title='bbox 308 2030 421 2120; x_wconf 87' lang='lat' dir='ltr'>Quem</span> <span class='ocrx_word' id='word_1_104' title='bbox 437 2045 533 2098; x_wconf 87' lang='lat' dir='ltr'>cavat</span> <span class='ocrx_word' id='word_1_105' title='bbox 545 2026 684 2096; x_wconf 87' lang='lat' dir='ltr'>assiduis</span> <span class='ocrx_word' id='word_1_106' title='bbox 700 2025 855 2112; x_wconf 91' lang='lat' dir='ltr'>sudibus,</span> <span class='ocrx_word' id='word_1_107' title='bbox 870 2042 1034 2121; x_wconf 90' lang='lat' dir='ltr'>scutoque</span> <span class='ocrx_word' id='word_1_108' title='bbox 1052 2026 1198 2114; x_wconf 88' lang='lat' dir='ltr'>lacessit,</span> 
     </span>
     <span class='ocr_line' id='line_1_17' title="bbox 307 2134 1243 2235; baseline -0.005 -24"><span class='ocrx_word' id='word_1_109' title='bbox 307 2145 421 2235; x_wconf 87' lang='lat' dir='ltr'>Atque</span> <span class='ocrx_word' id='word_1_110' title='bbox 435 2163 552 2209; x_wconf 88' lang='lat' dir='ltr'>omnes</span> <span class='ocrx_word' id='word_1_111' title='bbox 568 2135 687 2232; x_wconf 92' lang='lat' dir='ltr'>implet</span> <span class='ocrx_word' id='word_1_112' title='bbox 702 2160 879 2223; x_wconf 89' lang='lat' dir='ltr'>numeros,</span> <span class='ocrx_word' id='word_1_113' title='bbox 894 2134 1088 2230; x_wconf 81' lang='lat' dir='ltr'>dignissima</span> <span class='ocrx_word' id='word_1_114' title='bbox 1104 2161 1243 2232; x_wconf 89' lang='lat' dir='ltr'>prorsus</span> 
     </span>
    </p>
   </div>
   <div class='ocr_carea' id='block_1_5' title="bbox 308 2348 1380 2521">
    <p class='ocr_par' dir='ltr' id='par_1_8' title="bbox 308 2348 1380 2521">
     <span class='ocr_line' id='line_1_18' title="bbox 308 2348 1379 2426; baseline -0.007 -15"><span class='ocrx_word' id='word_1_115' title='bbox 308 2363 409 2420; x_wconf 79' lang='lat' dir='ltr'>serunt</span> <span class='ocrx_word' id='word_1_116' title='bbox 426 2373 433 2410; x_wconf 75' lang='grc' dir='ltr'><strong><em>ε</em></strong></span> <span class='ocrx_word' id='word_1_117' title='bbox 452 2352 500 2410; x_wconf 84' lang='lat' dir='ltr'>rel</span> <span class='ocrx_word' id='word_1_118' title='bbox 512 2351 644 2409; x_wconf 85' lang='lat' dir='ltr'>custodes</span> <span class='ocrx_word' id='word_1_119' title='bbox 657 2349 721 2407; x_wconf 85' lang='lat' dir='ltr'>liliae</span> <span class='ocrx_word' id='word_1_120' title='bbox 733 2348 884 2425; x_wconf 88' lang='lat' dir='ltr'>impositos</span> <span class='ocrx_word' id='word_1_121' title='bbox 895 2349 1017 2424; x_wconf 79' lang='lat' dir='ltr'>decipit3</span> <span class='ocrx_word' id='word_1_122' title='bbox 1032 2350 1079 2406; x_wconf 84' lang='lat' dir='ltr'>val</span> <span class='ocrx_word' id='word_1_123' title='bbox 1089 2359 1210 2426; x_wconf 83' lang='lat' dir='ltr'>argento</span> <span class='ocrx_word' id='word_1_124' title='bbox 1225 2359 1379 2426; x_wconf 78' lang='lat' dir='ltr'>expugnat.</span> 
     </span>
     <span class='ocr_line' id='line_1_19' title="bbox 309 2439 1380 2521; baseline -0.007 -19"><span class='ocrx_word' id='word_1_125' title='bbox 309 2447 392 2502; x_wconf 90' lang='lat' dir='ltr'>Tunc</span> <span class='ocrx_word' id='word_1_126' title='bbox 406 2463 510 2521; x_wconf 78' lang='lat' dir='ltr'>aegram</span> <span class='ocrx_word' id='word_1_127' title='bbox 521 2445 596 2501; x_wconf 88' lang='lat' dir='ltr'>hanc</span> <span class='ocrx_word' id='word_1_128' title='bbox 608 2443 759 2512; x_wconf 84' lang='lat' dir='ltr'>simulans,</span> <span class='ocrx_word' id='word_1_129' title='bbox 770 2441 900 2516; x_wconf 79' lang='lat' dir='ltr'>quamvis</span> <span class='ocrx_word' id='word_1_130' title='bbox 911 2461 978 2497; x_wconf 87' lang='lat' dir='ltr'>sana</span> <span class='ocrx_word' id='word_1_131' title='bbox 987 2459 1111 2516; x_wconf 83' lang='lat' dir='ltr'>corpore</span> <span class='ocrx_word' id='word_1_132' title='bbox 1119 2441 1227 2510; x_wconf 83' lang='lat' dir='ltr'>valeat,</span> <span class='ocrx_word' id='word_1_133' title='bbox 1240 2439 1380 2496; x_wconf 77' lang='lat' dir='ltr'>celebrem</span> 
     </span>
    </p>
   </div>
   <div class='ocr_carea' id='block_1_6' title="bbox 201 2535 1382 2614">
    <p class='ocr_par' dir='ltr' id='par_1_9' title="bbox 201 2535 1382 2614">
     <span class='ocr_line' id='line_1_20' title="bbox 201 2535 1382 2614; baseline -0.009 -13"><span class='ocrx_word' id='word_1_134' title='bbox 201 2593 203 2601; x_wconf 84' lang='lat'>.</span> <span class='ocrx_word' id='word_1_135' title='bbox 308 2541 453 2598; x_wconf 87' lang='lat' dir='ltr'>medicum</span> <span class='ocrx_word' id='word_1_136' title='bbox 474 2538 660 2614; x_wconf 80' lang='lat' dir='ltr'>Archigenen</span> <span class='ocrx_word' id='word_1_137' title='bbox 685 2536 825 2605; x_wconf 82' lang='lat' dir='ltr'>advocat,</span> <span class='ocrx_word' id='word_1_138' title='bbox 850 2546 879 2592; x_wconf 88' lang='lat' dir='ltr'>et</span> <span class='ocrx_word' id='word_1_139' title='bbox 901 2553 1023 2592; x_wconf 89' lang='lat' dir='ltr'>onerosa</span> <span class='ocrx_word' id='word_1_140' title='bbox 1044 2536 1129 2611; x_wconf 88' lang='lat' dir='ltr'>pallia</span> <span class='ocrx_word' id='word_1_141' title='bbox 1152 2535 1254 2609; x_wconf 89' lang='lat' dir='ltr'>rejicit.</span> <span class='ocrx_word' id='word_1_142' title='bbox 1273 2537 1382 2591; x_wconf 82' lang='lat' dir='ltr'>Interea</span> 
     </span>
    </p>
   </div>
   <div class='ocr_carea' id='block_1_7' title="bbox 310 2627 1391 4084">
    <p class='ocr_par' dir='ltr' id='par_1_10' title="bbox 310 2627 1386 3070">
     <span class='ocr_line' id='line_1_21' title="bbox 310 2627 1383 2704; baseline -0.005 -15"><span class='ocrx_word' id='word_1_143' title='bbox 310 2632 450 2690; x_wconf 87' lang='lat' dir='ltr'>delitescit</span> <span class='ocrx_word' id='word_1_144' title='bbox 467 2629 583 2686; x_wconf 89' lang='lat' dir='ltr'>abditus</span> <span class='ocrx_word' id='word_1_145' title='bbox 603 2641 632 2686; x_wconf 91' lang='lat' dir='ltr'>et</span> <span class='ocrx_word' id='word_1_146' title='bbox 648 2638 761 2685; x_wconf 87' lang='lat' dir='ltr'>secreto</span> <span class='ocrx_word' id='word_1_147' title='bbox 777 2627 927 2684; x_wconf 79' lang='lat' dir='ltr'>arcessitus</span> <span class='ocrx_word' id='word_1_148' title='bbox 948 2628 1077 2698; x_wconf 84' lang='lat' dir='ltr'>adulter,</span> <span class='ocrx_word' id='word_1_149' title='bbox 1095 2628 1147 2704; x_wconf 93' lang='lat' dir='ltr'>qui</span> <span class='ocrx_word' id='word_1_150' title='bbox 1163 2645 1312 2685; x_wconf 89' lang='lat' dir='ltr'>morarum</span> <span class='ocrx_word' id='word_1_151' title='bbox 1329 2627 1383 2684; x_wconf 88' lang='lat' dir='ltr'>im-</span> 
     </span>
     <span class='ocr_line' id='line_1_22' title="bbox 310 2719 1385 2800; baseline -0.006 -18"><span class='ocrx_word' id='word_1_152' title='bbox 310 2724 420 2800; x_wconf 87' lang='lat' dir='ltr'>patiens</span> <span class='ocrx_word' id='word_1_153' title='bbox 437 2723 518 2792; x_wconf 86' lang='lat' dir='ltr'>silet,</span> <span class='ocrx_word' id='word_1_154' title='bbox 536 2733 653 2789; x_wconf 66' lang='lat' dir='ltr'>aestuat,</span> <span class='ocrx_word' id='word_1_155' title='bbox 672 2731 701 2778; x_wconf 89' lang='lat' dir='ltr'>et</span> <span class='ocrx_word' id='word_1_156' title='bbox 716 2719 851 2776; x_wconf 87' lang='lat' dir='ltr'>ducendo</span> <span class='ocrx_word' id='word_1_157' title='bbox 868 2720 1041 2794; x_wconf 72' lang='lat' dir='ltr'>preputium</span> <span class='ocrx_word' id='word_1_158' title='bbox 1055 2720 1137 2795; x_wconf 87' lang='lat' dir='ltr'>operi</span> <span class='ocrx_word' id='word_1_159' title='bbox 1150 2731 1251 2795; x_wconf 87' lang='lat' dir='ltr'>optato</span> <span class='ocrx_word' id='word_1_160' title='bbox 1263 2737 1325 2776; x_wconf 87' lang='lat' dir='ltr'>sese</span> <span class='ocrx_word' id='word_1_161' title='bbox 1338 2739 1385 2794; x_wconf 87' lang='lat' dir='ltr'>pa·</span> 
     </span>
     <span class='ocr_line' id='line_1_23' title="bbox 311 2809 1385 2890; baseline -0.006 -17"><span class='ocrx_word' id='word_1_162' title='bbox 311 2828 365 2873; x_wconf 91' lang='lat' dir='ltr'>rat.</span> <span class='ocrx_word' id='word_1_163' title='bbox 381 2817 535 2890; x_wconf 85' lang='lat' dir='ltr'>Exspectas</span> <span class='ocrx_word' id='word_1_164' title='bbox 548 2813 683 2871; x_wconf 81' lang='lat' dir='ltr'>videlicet</span> <span class='ocrx_word' id='word_1_165' title='bbox 695 2813 764 2868; x_wconf 90' lang='lat' dir='ltr'>dum</span> <span class='ocrx_word' id='word_1_166' title='bbox 781 2823 875 2867; x_wconf 88' lang='lat' dir='ltr'>mater</span> <span class='ocrx_word' id='word_1_167' title='bbox 891 2821 1005 2887; x_wconf 80' lang='lat' dir='ltr'>gnatam</span> <span class='ocrx_word' id='word_1_168' title='bbox 1024 2813 1134 2868; x_wconf 88' lang='lat' dir='ltr'>imbuat</span> <span class='ocrx_word' id='word_1_169' title='bbox 1150 2813 1279 2869; x_wconf 83' lang='lat' dir='ltr'>honestis</span> <span class='ocrx_word' id='word_1_170' title='bbox 1295 2809 1385 2869; x_wconf 90' lang='lat' dir='ltr'>mori-</span> 
     </span>
     <span class='ocr_line' id='line_1_24' title="bbox 311 2902 1386 2980; baseline -0.002 -18"><span class='ocrx_word' id='word_1_171' title='bbox 311 2908 382 2976; x_wconf 88' lang='lat' dir='ltr'>bus,</span> <span class='ocrx_word' id='word_1_172' title='bbox 396 2917 424 2962; x_wconf 92' lang='lat' dir='ltr'>et</span> <span class='ocrx_word' id='word_1_173' title='bbox 436 2904 498 2961; x_wconf 89' lang='lat' dir='ltr'>aliis</span> <span class='ocrx_word' id='word_1_174' title='bbox 509 2923 594 2979; x_wconf 87' lang='lat' dir='ltr'>quarn</span> <span class='ocrx_word' id='word_1_175' title='bbox 607 2904 686 2959; x_wconf 85' lang='lat' dir='ltr'>suis?</span> <span class='ocrx_word' id='word_1_176' title='bbox 701 2902 793 2958; x_wconf 87' lang='lat' dir='ltr'>nescis</span> <span class='ocrx_word' id='word_1_177' title='bbox 806 2904 924 2959; x_wconf 73' lang='lat' dir='ltr'>aniculae</span> <span class='ocrx_word' id='word_1_178' title='bbox 938 2905 1068 2961; x_wconf 82' lang='lat' dir='ltr'>obscenae</span> <span class='ocrx_word' id='word_1_179' title='bbox 1081 2904 1206 2961; x_wconf 86' lang='lat' dir='ltr'>rationes</span> <span class='ocrx_word' id='word_1_180' title='bbox 1218 2903 1275 2960; x_wconf 89' lang='lat' dir='ltr'>hoc</span> <span class='ocrx_word' id='word_1_181' title='bbox 1288 2915 1386 2980; x_wconf 89' lang='lat' dir='ltr'>postu-</span> 
     </span>
     <span class='ocr_line' id='line_1_25' title="bbox 312 2993 1355 3070; baseline -0.004 -16"><span class='ocrx_word' id='word_1_182' title='bbox 312 3000 386 3070; x_wconf 83' lang='lat' dir='ltr'>lare,</span> <span class='ocrx_word' id='word_1_183' title='bbox 399 3007 434 3053; x_wconf 93' lang='lat' dir='ltr'>ut</span> <span class='ocrx_word' id='word_1_184' title='bbox 446 2997 548 3054; x_wconf 86' lang='lat' dir='ltr'>iisdem</span> <span class='ocrx_word' id='word_1_185' title='bbox 562 2993 738 3051; x_wconf 77' lang='lat' dir='ltr'>facinoribus</span> <span class='ocrx_word' id='word_1_186' title='bbox 750 2993 843 3068; x_wconf 88' lang='lat' dir='ltr'>turpis</span> <span class='ocrx_word' id='word_1_187' title='bbox 855 3006 947 3051; x_wconf 89' lang='lat' dir='ltr'>mater</span> <span class='ocrx_word' id='word_1_188' title='bbox 957 2995 1044 3052; x_wconf 86' lang='lat' dir='ltr'>filiam</span> <span class='ocrx_word' id='word_1_189' title='bbox 1056 3007 1171 3070; x_wconf 88' lang='lat' dir='ltr'>turpem</span> <span class='ocrx_word' id='word_1_190' title='bbox 1180 2994 1355 3052; x_wconf 78' lang='lat' dir='ltr'>assuefaciat.</span> 
     </span>
    </p>

    <p class='ocr_par' dir='ltr' id='par_1_11' title="bbox 315 3079 1390 3716">
     <span class='ocr_line' id='line_1_26' title="bbox 353 3079 1387 3158; baseline -0.003 -13"><span class='ocrx_word' id='word_1_191' title='bbox 353 3098 420 3158; x_wconf 71' lang='lat' dir='ltr'>ala.</span> <span class='ocrx_word' id='word_1_192' title='bbox 442 3091 487 3145; x_wconf 86' lang='lat' dir='ltr'>En</span> <span class='ocrx_word' id='word_1_193' title='bbox 502 3087 556 3143; x_wconf 90' lang='lat' dir='ltr'>tibi</span> <span class='ocrx_word' id='word_1_194' title='bbox 569 3086 673 3142; x_wconf 86' lang='lat' dir='ltr'>vitium</span> <span class='ocrx_word' id='word_1_195' title='bbox 693 3081 773 3142; x_wconf 89' lang='lat' dir='ltr'>aliud</span> <span class='ocrx_word' id='word_1_196' title='bbox 791 3079 967 3142; x_wconf 87' lang='lat' dir='ltr'>mulierum:</span> <span class='ocrx_word' id='word_1_197' title='bbox 983 3087 1033 3142; x_wconf 85' lang='lat' dir='ltr'>rix</span> <span class='ocrx_word' id='word_1_198' title='bbox 1050 3087 1109 3142; x_wconf 90' lang='lat' dir='ltr'>ulla</span> <span class='ocrx_word' id='word_1_199' title='bbox 1128 3095 1171 3142; x_wconf 80' lang='lat' dir='ltr'>est</span> <span class='ocrx_word' id='word_1_200' title='bbox 1187 3105 1284 3142; x_wconf 86' lang='lat' dir='ltr'>caussa</span> <span class='ocrx_word' id='word_1_201' title='bbox 1305 3106 1341 3143; x_wconf 83' lang='lat' dir='ltr'>ex</span> <span class='ocrx_word' id='word_1_202' title='bbox 1354 3085 1387 3142; x_wconf 80' lang='lat' dir='ltr'>iis</span> 
     </span>
     <span class='ocr_line' id='line_1_27' title="bbox 315 3177 1388 3256; baseline -0.001 -20"><span class='ocrx_word' id='word_1_203' title='bbox 315 3201 378 3256; x_wconf 73' lang='lat' dir='ltr'>que</span> <span class='ocrx_word' id='word_1_204' title='bbox 392 3181 422 3236; x_wconf 92' lang='lat' dir='ltr'>in</span> <span class='ocrx_word' id='word_1_205' title='bbox 437 3180 503 3236; x_wconf 77' lang='lat' dir='ltr'>foro</span> <span class='ocrx_word' id='word_1_206' title='bbox 514 3179 677 3255; x_wconf 81' lang='lat' dir='ltr'>agitantur,</span> <span class='ocrx_word' id='word_1_207' title='bbox 694 3178 724 3233; x_wconf 93' lang='lat' dir='ltr'>in</span> <span class='ocrx_word' id='word_1_208' title='bbox 739 3195 795 3253; x_wconf 91' lang='lat' dir='ltr'>qua</span> <span class='ocrx_word' id='word_1_209' title='bbox 808 3177 867 3234; x_wconf 86' lang='lat' dir='ltr'>litis</span> <span class='ocrx_word' id='word_1_210' title='bbox 881 3189 908 3234; x_wconf 84' lang='lat' dir='ltr'>et</span> <span class='ocrx_word' id='word_1_211' title='bbox 923 3177 1111 3252; x_wconf 85' lang='lat' dir='ltr'>suscipiendae</span> <span class='ocrx_word' id='word_1_212' title='bbox 1121 3189 1149 3235; x_wconf 87' lang='lat' dir='ltr'>et</span> <span class='ocrx_word' id='word_1_213' title='bbox 1160 3179 1277 3255; x_wconf 79' lang='lat' dir='ltr'>agendae</span> <span class='ocrx_word' id='word_1_214' title='bbox 1288 3191 1388 3235; x_wconf 87' lang='lat' dir='ltr'>auctor</span> 
     </span>
     <span class='ocr_line' id='line_1_28' title="bbox 315 3269 1389 3348; baseline -0.004 -18"><span class='ocrx_word' id='word_1_215' title='bbox 315 3274 408 3348; x_wconf 84' lang='lat' dir='ltr'>aliqua</span> <span class='ocrx_word' id='word_1_216' title='bbox 423 3272 529 3328; x_wconf 84' lang='lat' dir='ltr'>femina</span> <span class='ocrx_word' id='word_1_217' title='bbox 541 3290 603 3328; x_wconf 88' lang='lat' dir='ltr'>non</span> <span class='ocrx_word' id='word_1_218' title='bbox 619 3271 770 3330; x_wconf 84' lang='lat' dir='ltr'>exstiterit.</span> <span class='ocrx_word' id='word_1_219' title='bbox 788 3269 820 3327; x_wconf 89' lang='lat' dir='ltr'>Si</span> <span class='ocrx_word' id='word_1_220' title='bbox 835 3270 951 3326; x_wconf 83' lang='lat' dir='ltr'>Manilia</span> <span class='ocrx_word' id='word_1_221' title='bbox 964 3270 994 3325; x_wconf 91' lang='lat' dir='ltr'>in</span> <span class='ocrx_word' id='word_1_222' title='bbox 1007 3269 1054 3342; x_wconf 86' lang='lat' dir='ltr'>jus</span> <span class='ocrx_word' id='word_1_223' title='bbox 1064 3281 1166 3325; x_wconf 85' lang='lat' dir='ltr'>vocata</span> <span class='ocrx_word' id='word_1_224' title='bbox 1177 3289 1237 3326; x_wconf 90' lang='lat' dir='ltr'>non</span> <span class='ocrx_word' id='word_1_225' title='bbox 1249 3280 1307 3340; x_wconf 81' lang='lat' dir='ltr'>eat,</span> <span class='ocrx_word' id='word_1_226' title='bbox 1318 3271 1389 3327; x_wconf 84' lang='lat' dir='ltr'>ulios</span> 
     </span>
     <span class='ocr_line' id='line_1_29' title="bbox 316 3362 1389 3440; baseline -0.003 -18"><span class='ocrx_word' id='word_1_227' title='bbox 316 3375 401 3422; x_wconf 82' lang='lat' dir='ltr'>vocat</span> <span class='ocrx_word' id='word_1_228' title='bbox 413 3386 420 3420; x_wconf 91' lang='lat'><strong>:</strong></span> <span class='ocrx_word' id='word_1_229' title='bbox 434 3364 502 3439; x_wconf 87' lang='lat' dir='ltr'>ipsae</span> <span class='ocrx_word' id='word_1_230' title='bbox 516 3383 565 3420; x_wconf 83' lang='lat' dir='ltr'>sua</span> <span class='ocrx_word' id='word_1_231' title='bbox 579 3374 683 3438; x_wconf 89' lang='lat' dir='ltr'>sponte</span> <span class='ocrx_word' id='word_1_232' title='bbox 695 3374 875 3437; x_wconf 89' lang='lat' dir='ltr'>componunt</span> <span class='ocrx_word' id='word_1_233' title='bbox 888 3381 920 3418; x_wconf 86' lang='lat' dir='ltr'>ac</span> <span class='ocrx_word' id='word_1_234' title='bbox 934 3362 1113 3418; x_wconf 74' lang='lat' dir='ltr'>fabricantur</span> <span class='ocrx_word' id='word_1_235' title='bbox 1123 3363 1172 3419; x_wconf 86' lang='lat' dir='ltr'>illa</span> <span class='ocrx_word' id='word_1_236' title='bbox 1185 3363 1308 3438; x_wconf 89' lang='lat' dir='ltr'>scripta,</span> <span class='ocrx_word' id='word_1_237' title='bbox 1324 3365 1389 3440; x_wconf 91' lang='lat' dir='ltr'>qui-</span> 
     </span>
     <span class='ocr_line' id='line_1_30' title="bbox 315 3453 1388 3532; baseline -0.002 -18"><span class='ocrx_word' id='word_1_238' title='bbox 315 3458 370 3514; x_wconf 86' lang='lat' dir='ltr'>bus</span> <span class='ocrx_word' id='word_1_239' title='bbox 382 3456 446 3512; x_wconf 83' lang='lat' dir='ltr'>lites</span> <span class='ocrx_word' id='word_1_240' title='bbox 457 3455 655 3525; x_wconf 87' lang='lat' dir='ltr'>instruuntur,</span> <span class='ocrx_word' id='word_1_241' title='bbox 668 3465 697 3511; x_wconf 89' lang='lat' dir='ltr'>et</span> <span class='ocrx_word' id='word_1_242' title='bbox 711 3474 813 3512; x_wconf 84' lang='lat' dir='ltr'>caussae</span> <span class='ocrx_word' id='word_1_243' title='bbox 828 3466 1023 3530; x_wconf 60' lang='lat' dir='ltr'>perorantum</span> <span class='ocrx_word' id='word_1_244' title='bbox 1039 3453 1248 3530; x_wconf 89' lang='lat' dir='ltr'>confiduntque</span> <span class='ocrx_word' id='word_1_245' title='bbox 1262 3475 1292 3512; x_wconf 87' lang='lat' dir='ltr'>se</span> <span class='ocrx_word' id='word_1_246' title='bbox 1306 3475 1388 3532; x_wconf 82' lang='lat' dir='ltr'>porse</span> 
     </span>
     <span class='ocr_line' id='line_1_31' title="bbox 317 3545 1390 3624; baseline -0.002 -18"><span class='ocrx_word' id='word_1_247' title='bbox 317 3550 432 3606; x_wconf 63' lang='lat' dir='ltr'>&amp;hum</span> <span class='ocrx_word' id='word_1_248' title='bbox 447 3545 541 3624; x_wconf 81' lang='lat' dir='ltr'>ipsu&#39;m</span> <span class='ocrx_word' id='word_1_249' title='bbox 554 3547 676 3615; x_wconf 89' lang='lat' dir='ltr'>docere,</span> <span class='ocrx_word' id='word_1_250' title='bbox 689 3549 768 3604; x_wconf 89' lang='lat' dir='ltr'>unde</span> <span class='ocrx_word' id='word_1_251' title='bbox 783 3548 819 3604; x_wconf 92' lang='lat' dir='ltr'>sit</span> <span class='ocrx_word' id='word_1_252' title='bbox 835 3547 992 3621; x_wconf 89' lang='lat' dir='ltr'>petendum</span> <span class='ocrx_word' id='word_1_253' title='bbox 1006 3547 1177 3617; x_wconf 78' lang='lat' dir='ltr'>exordium,</span> <span class='ocrx_word' id='word_1_254' title='bbox 1192 3547 1299 3624; x_wconf 87' lang='lat' dir='ltr'>quibus</span> <span class='ocrx_word' id='word_1_255' title='bbox 1313 3567 1330 3604; x_wconf 89' lang='lat' dir='ltr'>e</span> <span class='ocrx_word' id='word_1_256' title='bbox 1345 3550 1390 3605; x_wconf 92' lang='lat' dir='ltr'>lo-</span> 
     </span>
     <span class='ocr_line' id='line_1_32' title="bbox 317 3641 1022 3716; baseline -0.006 -16"><span class='ocrx_word' id='word_1_257' title='bbox 317 3643 357 3700; x_wconf 85' lang='lat' dir='ltr'>cis</span> <span class='ocrx_word' id='word_1_258' title='bbox 368 3641 503 3700; x_wconf 86' lang='lat' dir='ltr'>oratoriis</span> <span class='ocrx_word' id='word_1_259' title='bbox 516 3642 654 3700; x_wconf 73' lang='lat' dir='ltr'>ducenda</span> <span class='ocrx_word' id='word_1_260' title='bbox 667 3641 793 3697; x_wconf 90' lang='lat' dir='ltr'>rationes</span> <span class='ocrx_word' id='word_1_261' title='bbox 804 3650 833 3698; x_wconf 88' lang='lat' dir='ltr'>et</span> <span class='ocrx_word' id='word_1_262' title='bbox 844 3648 1022 3716; x_wconf 84' lang='lat' dir='ltr'>argumenta.</span> 
     </span>
    </p>

    <p class='ocr_par' dir='ltr' id='par_1_12' title="bbox 317 3731 1391 4084">
     <span class='ocr_line' id='line_1_33' title="bbox 359 3731 1391 3808; baseline -0.002 -18"><span class='ocrx_word' id='word_1_263' title='bbox 359 3735 426 3802; x_wconf 75' lang='lat' dir='ltr'>atii.</span> <span class='ocrx_word' id='word_1_264' title='bbox 447 3737 511 3792; x_wconf 87' lang='lat' dir='ltr'>Jam</span> <span class='ocrx_word' id='word_1_265' title='bbox 528 3753 619 3803; x_wconf 81' lang='lat' dir='ltr'>vero,</span> <span class='ocrx_word' id='word_1_266' title='bbox 643 3733 707 3808; x_wconf 87' lang='lat' dir='ltr'>quis</span> <span class='ocrx_word' id='word_1_267' title='bbox 725 3732 839 3808; x_wconf 78' lang='lat' dir='ltr'>ignorm</span> <span class='ocrx_word' id='word_1_268' title='bbox 856 3751 916 3788; x_wconf 87' lang='lat' dir='ltr'>esse</span> <span class='ocrx_word' id='word_1_269' title='bbox 935 3749 1014 3787; x_wconf 87' lang='lat' dir='ltr'>nunc</span> <span class='ocrx_word' id='word_1_270' title='bbox 1034 3731 1065 3786; x_wconf 90' lang='lat' dir='ltr'>in</span> <span class='ocrx_word' id='word_1_271' title='bbox 1086 3749 1168 3789; x_wconf 90' lang='lat' dir='ltr'>more</span> <span class='ocrx_word' id='word_1_272' title='bbox 1190 3732 1334 3806; x_wconf 89' lang='lat' dir='ltr'>positum,</span> <span class='ocrx_word' id='word_1_273' title='bbox 1358 3743 1391 3788; x_wconf 91' lang='lat' dir='ltr'>ut</span> 
     </span>
     <span class='ocr_line' id='line_1_34' title="bbox 318 3823 1390 3898; baseline -0.001 -18"><span class='ocrx_word' id='word_1_274' title='bbox 318 3825 471 3895; x_wconf 88' lang='lat' dir='ltr'>mulieres,</span> <span class='ocrx_word' id='word_1_275' title='bbox 484 3826 657 3881; x_wconf 88' lang='lat' dir='ltr'>athletarum</span> <span class='ocrx_word' id='word_1_276' title='bbox 671 3824 748 3893; x_wconf 87' lang='lat' dir='ltr'>ritu,</span> <span class='ocrx_word' id='word_1_277' title='bbox 762 3823 885 3879; x_wconf 89' lang='lat' dir='ltr'>induant</span> <span class='ocrx_word' id='word_1_278' title='bbox 895 3823 1112 3892; x_wconf 79' lang='lat' dir='ltr'>endromidem,</span> <span class='ocrx_word' id='word_1_279' title='bbox 1125 3835 1154 3880; x_wconf 89' lang='lat' dir='ltr'>et</span> <span class='ocrx_word' id='word_1_280' title='bbox 1164 3835 1309 3882; x_wconf 86' lang='lat' dir='ltr'>ceromate</span> <span class='ocrx_word' id='word_1_281' title='bbox 1322 3823 1390 3898; x_wconf 90' lang='lat' dir='ltr'>per-</span> 
     </span>
     <span class='ocr_line' id='line_1_35' title="bbox 318 3905 1389 3990; baseline 0.002 -19"><span class='ocrx_word' id='word_1_282' title='bbox 318 3917 484 3990; x_wconf 77' lang='lat' dir='ltr'>ungantur?</span> <span class='ocrx_word' id='word_1_283' title='bbox 499 3917 572 3987; x_wconf 87' lang='lat' dir='ltr'>Quis</span> <span class='ocrx_word' id='word_1_284' title='bbox 587 3935 647 3973; x_wconf 88' lang='lat' dir='ltr'>non</span> <span class='ocrx_word' id='word_1_285' title='bbox 661 3916 810 3985; x_wconf 82' lang='lat' dir='ltr'>interluit,</span> <span class='ocrx_word' id='word_1_286' title='bbox 825 3905 918 3990; x_wconf 76' lang='lat' dir='ltr'>quum&#39;</span> <span class='ocrx_word' id='word_1_287' title='bbox 929 3935 959 3973; x_wconf 88' lang='lat' dir='ltr'>se</span> <span class='ocrx_word' id='word_1_288' title='bbox 971 3918 1003 3973; x_wconf 91' lang='lat' dir='ltr'>in</span> <span class='ocrx_word' id='word_1_289' title='bbox 1017 3933 1117 3990; x_wconf 90' lang='lat' dir='ltr'>campo</span> <span class='ocrx_word' id='word_1_290' title='bbox 1132 3916 1240 3972; x_wconf 83' lang='lat' dir='ltr'>Martio</span> <span class='ocrx_word' id='word_1_291' title='bbox 1253 3918 1389 3974; x_wconf 70' lang='lat' dir='ltr'>adversus</span> 
     </span>
     <span class='ocr_line' id='line_1_36' title="bbox 317 4001 1389 4084; baseline 0.003 -24"><span class='ocrx_word' id='word_1_292' title='bbox 317 4007 430 4080; x_wconf 84' lang='lat' dir='ltr'>palum,</span> <span class='ocrx_word' id='word_1_293' title='bbox 442 4018 688 4084; x_wconf 85' lang='lat' dir='ltr'>tanquamrerum</span> <span class='ocrx_word' id='word_1_294' title='bbox 698 4009 822 4078; x_wconf 91' lang='lat' dir='ltr'>hostem,</span> <span class='ocrx_word' id='word_1_295' title='bbox 836 4021 1022 4080; x_wconf 83' lang='lat' dir='ltr'>exercerent,</span> <span class='ocrx_word' id='word_1_296' title='bbox 1036 4001 1160 4083; x_wconf 85' lang='lat' dir='ltr'>eitmque</span> <span class='ocrx_word' id='word_1_297' title='bbox 1174 4009 1252 4065; x_wconf 87' lang='lat' dir='ltr'>clava</span> <span class='ocrx_word' id='word_1_298' title='bbox 1267 4020 1296 4065; x_wconf 93' lang='lat' dir='ltr'>et</span> <span class='ocrx_word' id='word_1_299' title='bbox 1309 4019 1389 4066; x_wconf 84' lang='lat' dir='ltr'>scuto</span> 
     </span>
    </p>
   </div>
   <div class='ocr_carea' id='block_1_8' title="bbox 318 4101 1388 4179">
    <p class='ocr_par' dir='ltr' id='par_1_13' title="bbox 318 4101 1388 4179">
     <span class='ocr_line' id='line_1_37' title="bbox 318 4101 1388 4179; baseline 0.007 -26"><span class='ocrx_word' id='word_1_300' title='bbox 318 4107 450 4170; x_wconf 73' lang='lat' dir='ltr'>arnaatae&#39;,</span> <span class='ocrx_word' id='word_1_301' title='bbox 473 4101 602 4178; x_wconf 85' lang='lat' dir='ltr'>repetitis</span> <span class='ocrx_word' id='word_1_302' title='bbox 620 4102 726 4160; x_wconf 86' lang='lat' dir='ltr'>ictibus</span> <span class='ocrx_word' id='word_1_303' title='bbox 738 4113 888 4178; x_wconf 85' lang='lat' dir='ltr'>peterent,</span> <span class='ocrx_word' id='word_1_304' title='bbox 909 4113 1105 4179; x_wconf 82' lang='lat' dir='ltr'>vexareutque</span> <span class='ocrx_word' id='word_1_305' title='bbox 1121 4121 1157 4160; x_wconf 86' lang='lat' dir='ltr'>ex</span> <span class='ocrx_word' id='word_1_306' title='bbox 1171 4102 1307 4162; x_wconf 89' lang='lat' dir='ltr'>omuibus</span> <span class='ocrx_word' id='word_1_307' title='bbox 1321 4102 1388 4160; x_wconf 85' lang='lat' dir='ltr'>artis</span> 
     </span>
    </p>
   </div>
   <div class='ocr_carea' id='block_1_9' title="bbox 0 0 1535 4984">
    <p class='ocr_par' dir='ltr' id='par_1_14' title="bbox 0 0 1535 4984">
     <span class='ocr_line' id='line_1_38' title="bbox 0 0 1535 4984; baseline 0 0"><span class='ocrx_word' id='word_1_308' title='bbox 0 0 1535 4984; x_wconf 95' lang='lat' dir='ltr'> </span> 
     </span>
    </p>
   </div>
  </div>
 </body>
</html>
