3148 4990
322 452 343 494 x
404 427 662 499 PRAEFATlO
686 427 808 492 EDIT
821 423 930 493 Oltis
953 425 994 492 N.
1018 425 1307 494 E.LEMA1RE.

321 543 408 617 Quot
417 545 479 608 fere
488 544 630 616 canutus,
639 545 724 614 xvi,
739 541 766 614 5,
780 539 938 610 sentiebat,
950 541 995 600 sni
1007 541 1092 604 simul
1102 553 1131 601 et
1141 542 1233 607 nostri
1241 553 1395 620 patronus:

533 676 614 726 «llam
626 685 719 724 castum
733 691 786 723 ease
798 675 868 722 dccet
882 675 953 740 pium
968 683 1066 740 poetam

533 760 647 823 «Ipsum
661 757 795 806 versiculos
806 757 871 806 nibil
881 771 980 806 necasse
989 767 1033 806 est.
1040 779 1053 799 ι

288 891 293 908 ·
358 879 426 936 Non
447 876 598 935 laudamus
617 875 746 960 Catulli„
756 895 853 952 neque
868 875 1040 934 Latinorum
1058 893 1152 954 prope
1166 887 1311 954 quotquot
1328 887 1397 934 sunt

317 979 484 1049 poetarum,
500 969 571 1029 falsa
583 967 688 1027 fretam
699 969 840 1046 opinione
854 967 1012 1040 licentiam3
1026 969 1172 1028 credimus
1184 980 1280 1026 tamen
1291 987 1398 1048 perpe-

318 1078 381 1116 ram
392 1078 513 1118 munere
526 1079 580 1118 suo
592 1060 712 1139 defungi
723 1059 866 1132 editores,
881 1060 933 1138 qui
946 1061 1042 1120 latinis
1054 1060 1221 1120 auctoribus
1233 1078 1399 1139 expurgan-

319 1149 377 1220 dis,
393 1150 496 1222 idest,
510 1151 685 1224 castrandis,
703 1171 826 1234 operam
838 1165 1009 1235 tempusque
1024 1173 1107 1212 sunm
1122 1165 1303 1212 consumunt.
1320 1151 1398 1212 Hinc

317 1259 392 1320 saepe
404 1241 511 1305 fatiscit
522 1257 553 1301 et
564 1243 752 1324 abrumpitur
759 1247 891 1306 mutilata
904 1244 1000 1304 oratio
1011 1268 1018 1304 :
1030 1265 1068 1304 ex
1081 1245 1209 1326 reliquiis
1220 1241 1399 1324 imperfectis

317 1331 462 1394 absurdus
484 1356 561 1418 saepe
578 1350 628 1396 aut
646 1337 742 1396 nullus
763 1357 862 1396 sensus
880 1337 996 1396 elicitur
1013 1339 1152 1410 :succisis
1168 1339 1249 1396 velut
1269 1337 1399 1396 articulis

317 1443 421 1483 mauce
433 1438 462 1484 et
476 1429 595 1485 enervia
602 1429 701 1508 jacent
716 1442 885 1508 argumenta
890 1452 899 1502 ;
914 1429 1040 1508 denique
1051 1429 1178 1489 cadaver
1187 1429 1325 1501 auctoris,
1337 1448 1399 1486 non

317 1517 417 1575 vivum
440 1530 470 1577 et
489 1519 610 1598 plenum
628 1521 769 1600 sanguine
789 1541 898 1600 corpus
917 1521 1081 1582 exhibetur.
1102 1523 1162 1581 Alii
1178 1543 1216 1582 ex
1234 1523 1299 1600 ipso
1318 1533 1399 1580 textu

318 1608 465 1687 quidquid
484 1629 543 1668 uon
562 1608 674 1692 placuit
687 1625 853 1686 eraserunt3
874 1632 929 1672 uec
942 1611 1050 1692 puduit
1063 1613 1129 1674 illos
1142 1634 1194 1673 sua
1207 1612 1314 1685 verba,
1333 1631 1400 1672 suas
1423 1631 1427 1640 ’

318 1701 496 1780 quandoque
512 1705 670 1764 sententias
686 1705 840 1777 infarcire,
858 1705 896 1764 ad
911 1705 1113 1776 sananda,vcl
1125 1703 1317 1772 obducenda,
1334 1723 1400 1780 quae

318 1795 447 1854 fecerant
456 1796 526 1876 ipsi,
536 1798 668 1856 vulnera.
677 1799 853 1858 Aliilasciva
863 1817 1000 1877 qnaeque,
1013 1817 1068 1874 par
1076 1819 1107 1856 sc
1116 1800 1288 1875 plerumque
1298 1793 1401 1854 obscu-

297 1939 298 1942 ,
318 1885 440 1956 rissima,
449 1888 511 1946 sine
521 1889 731 1964 commentario
742 1889 937 1968 reliqueruut;
949 1891 1120 1967 acciditque,
1133 1903 1164 1948 ut
1172 1888 1294 1967 pudoris
1304 1887 1400 1966 specie

317 1999 399 2040 suam
411 1980 460 2039 hic
473 1977 518 2040 ibi
535 1983 666 2043 velantes
678 1983 891 2061 ignorantiam,
910 1983 1054 2060 quidquid
1070 2003 1130 2041 non
1143 1983 1322 2060 intelligunt,
1343 1999 1399 2059 pro

318 2075 430 2134 iuoesto
449 2072 596 2146 habeaut;
618 2075 761 2153 quidquid
778 2075 928 2146 nesciunt,
948 2073 1094 2133 damnent.
1112 2073 1211 2146 Absit,
1227 2087 1259 2131 ut
1277 2074 1399 2132 istorum

316 2165 460 2243 exemplis
473 2169 622 2244 regamur!
641 2169 730 2226 irumo
743 2187 832 2239 vero,
847 2179 988 2244 quantum
1004 2169 1035 2226 in
1048 2166 1135 2238 nobis
1147 2167 1215 2237 fuit,
1231 2165 1303 2227 nihil
1316 2165 1401 2224 inex-

316 2258 470 2338 plicatum,
497 2257 569 2316 uihil
591 2271 671 2316 certe
691 2259 864 2318 intentatum
881 2259 1037 2318 omisimus.
1065 2263 1127 2316 Nec
1145 2260 1222 2317 enim
1242 2277 1295 2315 uos
1315 2258 1400 2315 incu-

317 2349 402 2409 sandi
416 2369 531 2421 sumus,
550 2351 573 2410 si
589 2362 647 2410 tam
660 2350 757 2410 audax
773 2350 828 2408 fuit
842 2348 922 2430 apud
936 2362 1050 2409 veteres
1063 2369 1177 2407 morum
1192 2361 1220 2406 ct
1234 2368 1400 2407 sermonum

316 2442 442 2500 licentia.
453 2446 496 2500 Ne
505 2454 612 2504 temere
621 2442 739 2521 quidem
751 2441 948 2502 criminandus
957 2442 1019 2523 ipse
1027 2444 1184 2514 luvenalis,
1197 2443 1248 2518 qui
1259 2443 1398 2500 vitiorum

316 2546 508 2612 portentosas,
522 2535 572 2593 scd
584 2555 668 2592 veras
682 2533 821 2612 imagines
828 2533 975 2606 exhibuit,
988 2555 1082 2612 neque
1096 2546 1129 2591 ut
1141 2533 1288 2606 laudaret,
1302 2532 1353 2591 sed
1365 2546 1399 2591 ut

316 2629 456 2688 acerrime
464 2629 664 2686 insectaretur.
677 2631 789 2686 Censor
801 2628 851 2686 ille
856 2670 865 2699 ,
881 2627 987 2686 nedum
1001 2626 1145 2698 adulator,
1159 2627 1279 2706 castigat
1290 2645 1397 2698 mores,

317 2741 378 2783 non
389 2723 569 2801 corrumpit:
581 2721 827 2800 quemadmodum
840 2720 976 2800 Spartani
989 2721 1126 2778 dicuntur
1137 2739 1288 2777 servorum
1301 2718 1399 2777 ebrio-

315 2834 382 2888 rum
397 2811 563 2894 spectaculo
576 2813 693 2872 finxisse
707 2833 816 2892 pueros
827 2811 865 2870 ad
876 2812 1071 2871 sobrietatem.
1081 2811 1134 2868 Vis
1144 2811 1217 2868 scire
1230 2830 1287 2888 qna
1303 2821 1399 2868 mente

316 2907 414 2966 saeculi
425 2907 470 2967 sui
486 2903 696 2987 turpitudinem
711 2905 864 2964 denudet?
877 2909 1031 2981 Interroga
1049 2916 1076 2960 te
1095 2903 1198 2979 ipsum.
1220 2900 1347 2960 Ridesnc
1360 2900 1398 2957 ad

315 2997 373 3055 hoc
389 2997 603 3075 spectaculum,
618 3015 655 3056 an
669 2996 832 3056 abhorres?
847 2996 935 3070 Quod
948 2995 971 3054 si
988 2995 1115 3054 infandae
1130 2992 1298 3074 cupiditatis
1311 3012 1398 3051 mou-

316 3104 390 3166 stra‚
406 3090 590 3149 deformitate
603 3111 656 3150 ssa
665 3111 726 3153 uon
739 3103 863 3168 possunt
872 3088 928 3146 uisi
942 3089 1096 3147 horrorem
1110 3086 1255 3146 mentibus
1266 3086 1400 3166 injicere;

317 3181 342 3242 si
356 3183 412 3240 tale
431 3181 502 3252 fuit,
516 3196 549 3243 ut
563 3183 691 3254 videtur,
707 3182 834 3242 auctoris
846 3181 938 3240 nostri
951 3179 1119 3252 consilium3
1136 3180 1173 3251 si,
1188 3178 1268 3256 quod
1278 3178 1400 3236 effecms

314 3275 379 3352 ipse
393 3275 461 3332 satis
476 3273 602 3346 indicat,
620 3294 680 3333 non
691 3288 724 3332 ut
736 3273 880 3353 impuram
895 3275 1031 3334 sollicitet
1045 3271 1242 3352 pruriginem,
1259 3291 1353 3350 neque
1365 3285 1399 3329 ut

316 3364 461 3424 obscoenis
470 3367 580 3426 facetiis
587 3387 693 3445 pravas
702 3367 829 3429 oblectet
839 3381 957 3439 mentes,
968 3366 1019 3425 scd
1028 3378 1061 3424 ut
1069 3385 1217 3444 generosae
1224 3365 1399 3442 indignatio-

315 3459 361 3518 nis
373 3460 489 3518 stimulo
499 3479 552 3517 nos
564 3458 732 3522 asimilibus
744 3460 919 3541 corruptelis
931 3459 1045 3536 abigat,
1059 3458 1137 3516 ultro
1151 3457 1182 3516 in
1196 3459 1242 3518 his
1254 3471 1397 3529 moratur,

227 3617 233 3628 ¹
316 3563 345 3609 ct
360 3551 485 3610 frontem
493 3551 549 3610 sibi
559 3552 699 3630 perfricat
708 3554 857 3612 iuvenalis
862 3576 870 3624 ;
883 3553 1013 3630 ignosces
1025 3549 1121 3621 nobis,
1136 3552 1227 3612 amice
1237 3552 1338 3621 lector,
1346 3551 1396 3628 qui

317 3657 409 3712 totum
423 3645 502 3704 brrnc
516 3647 579 3720 sine
586 3659 681 3719 veste,
697 3667 755 3724 qua
768 3644 1027 3728 impediatur,siue
1038 3644 1117 3715 velo,
1137 3643 1217 3720 quod
1230 3643 1294 3720 ipse
1306 3642 1396 3712 nolit,

281 3743 286 3748 '
316 3738 508 3820 spectandum
524 3737 576 3797 tibi
588 3739 818 3816 exposuerimus,
830 3737 861 3794 iu
872 3734 923 3794 illo
941 3737 1023 3794 velut
1036 3735 1164 3808 theatro,
1175 3734 1227 3794 ubi
1239 3755 1303 3794 cum
1316 3733 1394 3793 vitiis

318 3827 452 3896 omnibus
469 3823 653 3908 digladiatur.
669 3832 717 3890 Sic
730 3830 803 3893 nudi
814 3826 983 3909 pugnabant
999 3827 1129 3886 athleta:
1140 3827 1180 3886 sic
1192 3827 1304 3886 nudum
1316 3829 1394 3883 Her-

319 3922 413 3981 culem
431 3943 496 3981 cum
508 3924 611 4001 Hydra
624 3923 822 3984 decertantem
838 3921 965 4000 pictores
976 3919 1118 3980 exhibere
1130 3921 1231 3980 solent
1243 3920 1324 3978 Vale.

1228 4039 1264 4094 N.
1285 4039 1319 4093 Ε.
1341 4039 1374 4092 1..
