3134 4990
315 401 380 491 576
411 489 413 498 Ι
474 397 643 466 VARIAE
667 395 965 463 LECTIONES
988 396 1052 460 ET
1075 393 1233 460 NOTAE

349 515 416 568 Nor.
436 517 479 586 76.
496 511 599 566 Divitea
608 510 722 564 Romani
731 508 875 562 immensos
886 521 1007 578 sumptus
1017 505 1171 578 impendere
1181 508 1302 562 solebant
1311 510 1337 562 in
1349 510 1390 562 Ιο-

313 617 357 652 ras
366 596 616 652 mansuefaciendas
625 607 652 648 et
662 595 691 648 in
702 593 830 660 vivariis,
844 594 886 648 vel
896 593 986 647 caveis
998 590 1154 665 pascendas.
1167 603 1177 626 ¹

347 771 417 817 Vna.
436 784 478 828 77.
492 765 579 825 Belua,
596 781 635 828 17,
650 780 690 829 tp,
701 765 744 832 60,
753 765 796 820 64.
807 760 891 826 Vulgo
901 760 993 810 bellua.
1004 761 1064 808 vid.
1073 761 1105 809 ad
1113 763 1157 822 1v‚
1171 777 1200 810 ta
1208 778 1229 808 r.

347 879 417 925 Vna.
437 877 478 937 78.
491 873 662 939 cupium‚1r.

348 982 420 1035 Nor.
439 999 483 1052 77,
494 981 537 1052 78.
557 979 654 1032 Facete
665 988 692 1031 et
701 983 843 1036 σκωπτικῶς
854 976 952 1032 :Poeta
961 995 1016 1030 non
1026 990 1081 1030 tam
1089 979 1181 1049 paucis
1190 979 1344 1050 sumptibus
1358 977 1392 1030 ali

313 1077 417 1139 potest,
427 1076 454 1116 et
462 1063 522 1135 plus
532 1061 646 1115 comedit
653 1101 660 1128 ,
668 1078 747 1133 quam
756 1061 806 1114 leo.
819 1091 850 1100 -
857 1063 993 1124 Nimim,-
1002 1060 1064 1115 vide
1073 1059 1106 1114 ad
1116 1062 1154 1127 ΙΙ,
1164 1069 1224 1125 rol.
1231 1093 1267 1104 -—
1276 1065 1393 1131 capiunt,

313 1147 378 1204 vide
391 1146 486 1199 Haina.
497 1143 531 1198 ad
541 1143 622 1199 Orid.
632 1147 690 1198 Art.
702 1147 763 1197 Am.
774 1143 831 1210 111,
842 1145 902 1215 757.

350 1320 416 1367 Vn.
436 1332 478 1380 79.
491 1315 674 1382 laceotsamu,
686 1315 728 1364 26.
742 1315 846 1373 Teneat,
862 1331 903 1375 11,
917 1331 957 1374 ια,
968 1317 1001 1364 ad
1012 1331 1068 1364 am.
1077 1333 1115 1381 pr.
1126 1324 1168 1373 ²4-

350 1424 420 1477 Nor.
441 1424 557 1494 79-81.
577 1422 659 1476 Dicas
681 1421 766 1486 sorte,
784 1433 876 1493 poetes
894 1418 993 1473 debere
1009 1435 1133 1474 contentos
1150 1441 1206 1475 esee
1219 1426 1315 1492 samo,
1336 1423 1393 1475 sola

314 1507 399 1580 gloria
411 1525 418 1559 ε
430 1507 468 1559 ita
476 1525 557 1571 vero,
568 1506 591 1557 si
601 1504 699 1558 divites
709 1515 786 1569 sunt,
798 1517 829 1559 ut
840 1509 973 1566 Lucanusr
986 1504 1034 1558 aed
1046 1504 1111 1577 quid
1122 1509 1286 1578 pauperibus
1297 1507 1396 1579 prode·

314 1591 350 1644 rit
360 1592 445 1659 gloria
459 1592 627 1658 quantolibet,
641 1589 764 1660 quamvis
773 1588 906 1653 maxima,
918 1589 941 1640 ai
956 1600 1081 1659 praeterea
1090 1589 1157 1641 nihil
1166 1589 1287 1642 habent?
1301 1591 1394 1654 ·Quo·

313 1671 473 1743 tuequisque
488 1670 585 1737 etiam,
604 1688 687 1742 quum
698 1689 730 1724 ex
742 1670 873 1742 Hispania
885 1671 927 1730 rel
936 1667 1015 1738 Asia,
1029 1691 1063 1725 ne
1074 1671 1141 1744 quid
1152 1674 1186 1726 de
1194 1672 1282 1726 Gallis
1294 1674 1393 1726 nostris

313 1757 465 1828 loquamur,
473 1753 501 1807 in
512 1753 616 1808 Urbem
625 1755 699 1808 venit
707 1795 715 1822 ‚
724 1755 856 1809 Sunamrr
866 1757 979 1808 Bassum
988 1755 1118 1827 requirit?
1127 1768 1207 1828 atque
1218 1754 1288 1809 adeo
1299 1755 1394 1828 siquis

313 1839 483 1914 requirit,ut
494 1839 576 1892 semel
584 1838 669 1904 vidit,
680 1839 791 1900 transit,
802 1852 829 1893 et
839 1850 983 1892 contentus
992 1851 1047 1902 est,
1059 1852 1089 1892 ut
1100 1839 1122 1892 si
1132 1840 1265 1912 picturam
1277 1840 1392 1912 aliquam

314 1924 359 1977 vel
370 1935 486 1977 statuam
497 1920 608 1975 vidisset
616 1943 623 1985 3
631 1947 642 1969 ι
653 1922 720 1976 Tac.
732 1921 765 1974 de
774 1922 851 1974 Orat.
862 1941 885 1974 o.
896 1922 1242 1988 munitissumis,
1257 1923 1291 1976 L.
1302 1923 1394 1976 Annei

315 2006 416 2072 Mellae,
427 2004 515 2058 fratria
530 2004 649 2072 Seneoae,
662 2003 743 2070 lilius,
756 2004 912 2058 notissimus
922 2016 1004 2076 poeto
1013 2017 1040 2058 et
1050 2003 1198 2060 ditissimus
1211 2005 1304 2079 Eques
1313 2007 1395 2058 Rom.

315 2108 394 2163 quem
404 2089 485 2142 etiam
493 2088 565 2142 Nero
575 2090 645 2161 Imp.
660 2089 741 2142 variis
753 2104 862 2143 auxerat
871 2090 1031 2142 honoribus.
1041 2092 1081 2143 De
1091 2093 1147 2163 ejus
1156 2103 1183 2144 et
1192 2091 1279 2163 patris
1292 2090 1397 2144 divitiis

315 2172 381 2226 vido
391 2172 457 2226 Tac.
466 2174 537 2226 Anu.
546 2171 628 2238 XVI,
641 2190 684 2245 17,
694 2170 902 2227 etwernsdorf.
915 2171 990 2226 Poet.
1005 2174 1069 2227 min.
1079 2173 1205 2242 tom.1V,
1215 2193 1277 2246 pag.
1290 2179 1322 2238 4¹
1335 2192 1395 2246 req.

315 2263 419 2309 Famam
435 2256 460 2309 ei
480 2256 542 2310 rivo
561 2255 705 2310 inridebat
724 2256 813 2323 Nero,
834 2275 884 2311 neo
905 2269 994 2311 tamen
1012 2272 1139 2325 mortuo,
1159 2255 1234 2330 quod
1253 2259 1294 2312 vel
1314 2259 1397 2312 intel·

315 2341 405 2415 ligitur
420 2359 453 2394 ex
471 2353 556 2396 veter.
576 2340 699 2413 inscript.
719 2357 752 2393 ar.
770 2357 872 2393 annno
893 2359 1005 2394 Lucano
1023 2360 1207 2396 uoanuaarrar
1225 2361 1319 2396 rom
1343 2361 1395 2396 aa·

316 2444 431 2480 rarioro
450 2443 575 2478 erroris
598 2443 677 2479 rarsi
698 2441 833 2477 sarriri.
854 2454 891 2464 -
909 2431 1013 2492 Iacent,
1029 2425 1059 2478 in
1076 2426 1134 2480 otio
1151 2425 1243 2479 rivere
1257 2438 1351 2497 potest
1369 2439 1398 2479 et

312 2513 402 2582 jacere
415 2509 444 2562 in
457 2509 557 2563 lectulo
574 2507 777 2574 lucubratorio,
793 2507 822 2560 in
840 2527 894 2581 qno
910 2523 1014 2564 veteres
1032 2509 1155 2576 studere,
1171 2511 1262 2582 legere
1279 2531 1311 2564 ao
1328 2513 1397 2564 scri-

315 2595 379 2648 bere
388 2593 512 2646 solebant
521 2594 532 2664 (
540 2591 601 2645 vide
610 2591 645 2646 ad
656 2610 695 2646 ra.
710 2590 770 2658 roi,
780 2592 807 2644 in
815 2594 880 2645 Var.
892 2593 965 2646 Lect.
974 2595 1001 2664 );
1016 2591 1137 2664 adeoque
1148 2595 1269 2647 carmina
1279 2596 1398 2648 scribere

316 2690 406 2751 potest
414 2677 443 2730 in
453 2677 518 2742 otio,
527 2677 611 2730 solam
619 2688 724 2730 sectans
731 2675 856 2750 gloriam,
866 2682 893 2728 ot
904 2695 999 2748 expers
1011 2695 1145 2730 curarum.
1155 2706 1190 2717 -
1199 2681 1229 2729 In
1240 2679 1316 2728 lom's
1324 2698 1398 2728 mar-

317 2764 416 2824 moreis,
429 2760 475 2832 qui
486 2778 629 2826 marmore,
641 2777 687 2812 seu
696 2758 851 2811 marmoreis
860 2759 1003 2826 columnis,
1015 2778 1045 2812 ac
1059 2761 1154 2814 statuis
1163 2761 1283 2814 exornati
1295 2774 1399 2814 suntet

317 2842 464 2899 abundant.
479 2844 512 2896 In
521 2842 610 2896 hortis
620 2843 780 2913 plerumque
791 2840 873 2893 etiam
884 2842 1037 2896 scribebant
1048 2857 1150 2914 poette3
1162 2843 1231 2895 Ach.
1242 2843 1300 2896 coll.
1309 2843 1397 2896 Orid.

316 2927 400 2980 Trist.
412 2926 444 2992 Ι,
459 2944 501 2992 rr,
511 2927 554 2996 37.
571 2923 623 2977 Sed
633 2924 670 2976 ibi
684 2924 774 2977 forsan
788 2934 814 2976 et
826 2922 855 2974 h.
872 2923 924 2976 loc.
940 2925 1004 2975 lorti
1016 2937 1078 2978 sunt
1089 2925 1175 2990 villoe,
1190 2939 1220 2978 ut
1234 2925 1308 2996 apud
1325 2926 1398 2979 Plin.

318 3011 401 3078 XIX,
413 3017 429 3075 4
440 3030 480 3083 pr.
491 3009 549 3064 Cic.
561 3008 617 3062 Oli.
626 3007 685 3074 ΙΙΙ,
701 3014 749 3074 14,
760 3019 787 3060 et
795 3008 829 3060 al.
841 3007 920 3060 Villae
930 3020 1020 3061 autem
1030 3020 1056 3061 et
1067 3006 1162 3061 domus
1174 3010 1335 3062 marmoreis
1349 3031 1397 3082 pa·

316 3096 461 3162 vimentis,
478 3093 611 3148 columnis
630 3093 769 3165 signisque
786 3092 876 3145 ornari
897 3092 1030 3146 solebant.
1044 3121 1079 3132 -
1098 3098 1219 3143 Senam
1238 3105 1266 3145 et
1285 3098 1397 3158 Saleius,

318 3191 405 3252 poetae
416 3193 548 3252 pauperes
559 3177 631 3230 illius
641 3177 735 3231 oratis.
749 3177 798 3228 Ille
809 3190 975 3228 memorator
984 3176 1067 3229 etiam
1075 3175 1191 3228 Martial.
1201 3177 1255 3242 lv,
1266 3176 1313 3248 37,
1323 3176 1355 3241 3;
1369 3192 1397 3230 at

318 3262 474 3314 notissimus
488 3265 583 3314 Saleius
595 3262 710 3326 Bassus,
723 3273 803 3332 poeta
819 3259 944 3332 egregius
962 3279 993 3313 ac
1010 3262 1097 3320 temris,
1114 3261 1166 3313 hoc
1184 3273 1242 3326 est,
1257 3279 1372 3333 pauper.
1386 3273 1398 3296 ¹

317 3343 398 3397 Conf.
409 3344 476 3397 Ver.
488 3346 563 3397 lect.

354 3517 423 3564 Vna.
445 3517 486 3564 ao.
500 3517 588 3563 laceat
597 3518 709 3563 drinaum
719 3516 745 3563 in
756 3513 830 3562 hortis
842 3514 1000 3574 Marmoreas,
1016 3532 1056 3578 ro,
1070 3527 1112 3574 rt,
1126 3519 1182 3564 etv
1192 3517 1273 3565 Codd.
1283 3515 1361 3566 Paris.
1372 3531 1400 3566 ut

742 3697 974 3715 ΙΛΛῚἋΜΜΜ

355 3831 363 3856 ¹
384 3824 456 3872 Cous.
473 3825 546 3871 Mart.
561 3824 588 3878 1,
604 3823 651 3869 ωδ
662 3838 669 3879 ;
680 3821 745 3867 Plin.
756 3821 834 3878 VIll,
880 3821 926 3877 543
937 3821 999 3879 Vll,
1011 3820 1143 3883 95;V111,
1157 3833 1196 3878 ro,
1206 3828 1231 3866 et
1241 3819 1399 3868 Wernodorf.

321 3919 361 3962 17,
370 3912 394 3948 et
407 3903 440 3950 52
450 3919 457 3962 ς
469 3900 574 3964 Capitol.
589 3899 616 3946 in
629 3898 772 3958 Gordianis,
785 3897 834 3956 33;
877 3901 947 3946 Poet.
958 3901 1009 3947 Lat.
1018 3900 1080 3948 min.
1087 3908 1148 3948 tom.
1157 3900 1205 3958 IV,
1214 3915 1273 3964 pag.
1283 3904 1401 3958 kr-tfi,

318 3981 444 4045 Lamprid.
454 3981 482 4028 in
495 3979 592 4043 Heliog.
603 3995 624 4026 c.
636 3994 667 4025 nr
678 3978 710 4028 al.
878 3978 922 4025 ubi
934 3980 973 4040 ei,
988 3993 1041 4027 non
1054 3980 1169 4038 Lucano,
1182 3995 1284 4028 carmen
1299 3979 1336 4028 vel
1350 3981 1399 4027 Pa·

355 4065 365 4090 ²
384 4060 449 4108 Vide
459 4059 564 4122 Quintil.
573 4061 604 4118 V,
617 4076 640 4118 1;
651 4059 709 4108 Tac.
719 4058 750 4106 de
762 4059 831 4108 Orat.
876 4073 963 4122 negyr.
981 4058 1012 4106 ad
1030 4059 1194 4124 Calpurnium
1215 4061 1330 4109 Pisonem
1350 4061 1399 4108 tri·

317 4155 339 4189 c.
350 4139 364 4186 5
374 4149 437 4201 et9;
448 4139 555 4188 Martial.
567 4141 620 4198 ΙΙΙ,
631 4148 674 4201 47,
683 4140 730 4199 585
739 4140 773 4200 V,
783 4145 832 4198 at,
876 4136 970 4185 buitur.
