3122 4986
325 449 390 518 632
601 455 642 516 D.
669 453 807 517 JUNll
831 451 1111 520 IUVENALIS

325 569 410 637 Inde
426 566 598 636 Dolabella
611 581 680 653 est,
695 583 797 662 atque
813 567 894 636 hinc
907 569 1093 656 Antonius,
1109 567 1189 638 inde
1341 575 1391 632 105

323 677 510 771 sacrilegus
525 679 665 746 Verres:
682 676 873 746 referebant
885 677 1027 746 navibus
1041 677 1116 748 altis
1169 723 1174 736 -

322 785 465 856 Occulta
478 783 600 881 spolia,
617 802 651 856 et
666 785 779 881 plures
793 785 836 855 de
851 809 934 880 pace
950 787 1150 880 triumphos.

322 899 425 968 Nunc
440 899 537 966 sociis
552 899 636 991 juga
650 922 756 991 pauca
769 897 888 982 boum,
904 921 984 990 grex
999 921 1122 991 parvus
1135 917 1302 990 equarum

321 1009 367 1075 Et
382 989 479 1100 pater
494 1007 637 1076 armenti
653 1022 752 1102 capto
765 1007 926 1101 eripiatur
940 1006 1066 1100 agello;

322 1116 394 1211 lpsi
408 1116 530 1186 deinde
544 1119 662 1204 Lares,
679 1117 706 1185 si
719 1117 812 1211 quod
825 1115 1006 1211 spectabile
1021 1117 1172 1211 siguum,
1341 1145 1393 1180 uo

323 1224 359 1294 Si
373 1225 447 1319 quis
462 1225 496 1292 in
511 1224 651 1295 aedicula
663 1227 757 1294 Deus
770 1226 906 1296 unicus:
920 1227 993 1296 haec
1005 1226 1131 1296 etenim
1147 1240 1226 1299 suut

325 1335 391 1402 Pro
407 1336 563 1424 summis3
578 1360 656 1405 nam
670 1351 750 1405 sunt
762 1335 835 1405 haec
850 1336 1008 1409 maxima:
1026 1335 1189 1431 despicias
1205 1349 1243 1404 m

323 1445 477 1513 Forsitan
491 1444 642 1516 imbelles
658 1445 821 1531 Rhodios,
838 1461 1041 1540 unctamque
1054 1446 1266 1530 Corinthon3

324 1554 498 1648 Despicias
513 1555 646 1625 merito.
660 1555 754 1644 Quid
769 1557 918 1626 resinata
930 1558 1091 1651 juventus

321 1665 497 1757 cruraque
511 1663 614 1734 totius
628 1664 755 1734 facient
767 1663 828 1734 tibi
843 1665 928 1736 levia
943 1664 1075 1760 gentis?

323 1774 472 1843 Horrida
485 1775 621 1844 vitanda
634 1788 685 1843 est
697 1775 874 1870 Hispania,
889 1775 1039 1846 Gallicus
1053 1777 1121 1845 axis

322 1880 565 1979 Illyricumque
579 1882 683 1953 latus:
702 1907 805 1978 parce
818 1899 854 1953 et
867 1883 1071 1954 messoribus
1083 1884 1162 1970 illis,

211 2061 214 2070 ,
322 1995 393 2082 Qui
409 2009 560 2066 saturant
576 1996 696 2066 urbem
711 1996 801 2064 circo
819 2019 995 2090 scenaque
1011 2009 1196 2064 vacantem.

323 2102 461 2191 Quanta
472 2119 585 2174 autem
598 2103 677 2172 inde
691 2103 780 2173 feres
794 2120 863 2173 tam
876 2104 958 2174 dirae
974 2105 1112 2200 praemia
1125 2103 1253 2199 culpae,

323 2213 440 2300 Quum
455 2228 574 2281 tenues
589 2235 700 2306 nuper
716 2213 845 2282 Marius
862 2213 1057 2287 discinxerit
1071 2213 1194 2284 Afros?
1339 2245 1392 2282 no

324 2320 520 2392 Curandum
534 2322 569 2390 in
585 2321 718 2417 primis,
732 2345 776 2394 ne
791 2345 912 2416 magna
928 2322 1050 2415 injuria
1065 2322 1124 2392 liat

323 2547 393 2604 opes
401 2503 579 2587 occisionem
587 2529 1392 2607 dederuntlurtlsetsacrilegiisquaellolabella,verres,

287 2663 292 2668 -
323 2621 467 2678 Antonius
475 2622 635 2680 admisere:
650 2621 841 2698 deportabant
850 2624 973 2678 Romam
984 2621 1167 2696 eprovinciis
1176 2641 1263 2678 naves
1272 2631 1394 2678 onustas

227 2747 233 2778 η
326 2714 468 2792 congestis
482 2716 556 2772 clam
571 2715 744 2772 miseromm
763 2714 891 2786 exuriis3
910 2714 1003 2790 deque
1022 2713 1150 2789 spoliatis
1171 2713 1205 2768 iu
1220 2731 1288 2788 paee
1303 2711 1394 2768 sociis

324 2807 422 2881 plures
440 2827 474 2864 ac
488 2807 619 2866 utiliores
635 2807 811 2882 triumphos,
826 2825 913 2882 quam
929 2805 966 2862 de
982 2805 1084 2862 iisdem
1098 2805 1178 2863 bello
1190 2803 1274 2861 victis
1291 2802 1392 2860 domi-

324 2896 419 2972 tisque
428 2896 600 2956 referebant.
608 2901 647 2955 At
656 2898 712 2954 illis
722 2916 801 2954 nunc
809 2898 888 2955 aliud
898 2897 971 2954 nihil
980 2895 1087 2955 suferri
1094 2907 1199 2972 potest,
1208 2894 1264 2952 nisi
1272 2896 1392 2972 agellus,

323 3005 413 3063 pauca
424 2990 514 3047 boum
524 2990 618 3065 paria,
629 3001 792 3070 armentum
802 3010 956 3067 equamm,
969 3001 999 3049 et
1009 3009 1099 3066 equus
1112 3001 1248 3048 taurusve
1257 2989 1296 3046 sd
1306 2990 1395 3047 sobo-

323 3079 380 3137 lem
392 3081 486 3158 gregis
496 3080 692 3140 sufficiendum
705 3083 847 3155 delectns3
861 3083 903 3140 dii
914 3084 1079 3154 domestici,
1093 3083 1188 3160 aliqua
1200 3093 1294 3140 statua
1304 3084 1392 3160 paulo

325 3171 498 3248 elegantior,
514 3185 543 3230 et
556 3173 580 3230 si
593 3177 675 3250 quod
686 3187 730 3232 est
738 3175 857 3232 unicum
870 3177 902 3232 iu
913 3177 1016 3234 sacello
1029 3193 1146 3232 numen.
1161 3175 1301 3244 Quamvis
1313 3175 1391 3232 enim

325 3264 385 3321 baec
399 3265 495 3322 omnia
505 3265 709 3341 spoliatoribus
721 3267 788 3325 vilia
803 3269 875 3336 sint,
893 3267 1079 3326 nihilominus
1093 3267 1171 3343 apud
1182 3267 1249 3324 illos
1263 3266 1390 3323 maximo

324 3357 357 3413 in
368 3357 463 3432 pretio
474 3369 504 3415 et
515 3360 631 3417 honore
643 3361 801 3431 habentur,
816 3359 922 3436 quibus
932 3371 1038 3436 prater
1047 3360 1097 3416 illa
1108 3356 1182 3416 nibil
1193 3357 1325 3416 relictum
1335 3368 1390 3414 est.

325 3451 494 3508 Contemnis
511 3461 545 3508 tu
560 3452 672 3522 ioman,
689 3463 719 3510 et
736 3454 854 3528 impune
868 3450 1040 3527 depraedaris
1054 3450 1186 3520 Rhodios
1198 3449 1309 3507 nribn
1324 3449 1393 3506 des-

324 3543 442 3617 titutos,
466 3556 516 3602 aut
534 3545 649 3604 deditos
664 3546 862 3620 voluptatibus
882 3545 1066 3615 Corinthios3
1089 3543 1250 3600 contemnis
1270 3543 1392 3615 merito;

325 3645 355 3692 et
369 3655 440 3693 vero
456 3635 527 3712 quid
542 3645 585 3692 est
598 3635 636 3692 ab
650 3635 710 3692 illis
720 3636 835 3712 populis
850 3636 1003 3707 mollibus,
1014 3647 1043 3692 et
1055 3636 1086 3691 in
1097 3634 1242 3710 poliendis
1257 3633 1390 3690 cruribus

324 3728 507 3804 curandaque
523 3727 645 3785 cuticula
657 3727 747 3796 unice,
758 3727 903 3803 occupatis
912 3726 1120 3784 metuendum?
1130 3725 1181 3783 sed
1193 3744 1262 3782 cave
1273 3725 1392 3782 lacessas

325 3818 484 3894 Hispanos,
497 3820 611 3892 Gallos,
624 3829 673 3876 sut
684 3818 810 3896 Illyrios,
824 3818 925 3874 animis
939 3818 1152 3888 audacissimos3
1173 3835 1268 3892 neque
1283 3835 1391 3893 aggre-

325 3913 412 3971 diaris
427 3913 566 3973 messores
578 3913 658 3984 illos,
675 3913 726 3990 qui
739 3914 862 3970 Romam
874 3912 1078 3980 ludisscenicis
1089 3911 1229 3968 intentam
1242 3909 1391 3967 frumento

324 4017 445 4084 pascunt
460 4029 467 4064 ε
488 4027 555 4065 nam
573 4017 678 4083 praeter
691 4025 776 4084 qaum
790 4006 871 4083 quod
882 4005 956 4063 nibil
968 4000 1003 4063 iis
1016 4003 1171 4081 spoliandis
1183 4005 1289 4061 facem
1298 4001 1387 4071 lucri,

323 4119 440 4179 quuma
455 4099 550 4157 Mario
561 4099 727 4176 nuperrime
740 4098 857 4175 spoliati
869 4109 898 4156 et
909 4097 1037 4156 exhausti
1049 4097 1120 4167 sint,
1134 4095 1290 4172 plurimum
1299 4092 1393 4150 etiam

326 4191 419 4252 adires
432 4191 561 4268 periculi.
578 4195 645 4249 Non
660 4203 727 4250 snut
742 4191 824 4250 facile
838 4190 944 4267 injuria
957 4190 1091 4268 graviore
1104 4187 1247 4248 afficiendi
1258 4185 1313 4243 riri
1327 4185 1396 4242 for-
