3108 4986
347 405 410 470 260
502 403 672 470 VARIAE
697 403 985 468 LECTlONES
1008 405 1071 470 ET
1094 407 1247 478 NOTAE

344 531 461 590 tempore
469 520 542 589 regni
554 513 663 589 alicujus
675 515 843 587 Imperatoria
854 517 1033 590 frequentatur
1042 518 1123 593 hujus
1130 525 1210 578 etatia
1221 523 1409 598 acriptoribua,

345 600 457 652 maxima
465 598 551 653 Plinio
560 597 657 671 juniori
667 618 674 664 ς
683 624 694 644 ι
707 596 785 652 Heln.

376 747 444 793 Van.
463 745 505 794 68.
522 743 639 807 Tempora
649 759 696 807 pro
706 744 806 800 saecula,
823 753 866 804 14,
878 761 909 792 ex
919 745 1023 812 interpr.

375 844 442 890 Vua.
460 841 503 906 69.
516 840 571 896 tlte,
589 855 629 904 ¹9·
643 867 676 877 —
690 839 762 904 napi,
781 839 819 888 16.
833 867 869 877 -
882 841 915 888 Ae
927 852 1018 900 tamen,
1034 844 1075 892 23.
1159 864 1168 880 =

349 953 357 974 ⁶
374 937 443 990 Non.
469 938 521 1004 69,
536 953 579 1005 7⁰·
605 932 667 986 Hac
687 951 825 1004 perperam
845 932 965 1005 plerique
983 936 1018 989 ita
1039 936 1259 1011 interpretantur,
1276 955 1306 993 ut
1323 943 1411 999 verbia

339 1020 488 1096 placatoria,
509 1021 562 1088 ipae
577 1016 705 1070 rhombus
719 1019 776 1085 arpi
789 1020 881 1080 votuit,
900 1017 1030 1090 judicium
1049 1039 1126 1074 auum
1145 1023 1296 1095 interponat
1313 1037 1408 1097 poeta:

336 1109 400 1174 quid
407 1105 531 1176 apertius,
545 1099 724 1164 maniieatiua,
737 1101 794 1154 scil.
807 1101 857 1154 bac
868 1100 1034 1155 adulatione?
1046 1116 1070 1154 et
1079 1117 1161 1156 tamen
1174 1107 1212 1160 5111·
1217 1145 1224 1166 ‚
1239 1108 1409 1172 Domitiano,

336 1191 467 1258 surgebant
480 1187 579 1250 crista,
598 1183 642 1236 ille
653 1183 741 1236 animo
751 1183 927 1251 efferebatur,
946 1183 1096 1260 adulatione
1107 1186 1311 1252 intumescebat,
1327 1204 1409 1244 meta·

337 1269 419 1344 phora
429 1267 565 1338 deaumpta
577 1265 611 1318 ab
621 1265 714 1319 avibus
725 1265 835 1319 cristatia
844 1285 971 1337 ‚quarum
984 1268 1068 1321 criata
1080 1270 1216 1324 mentiorea
1228 1271 1370 1326 alacritatia
1378 1293 1410 1327 ac

336 1351 465 1425 auperbin
478 1348 575 1403 indicia
586 1359 664 1414 aunt,
681 1365 735 1419 qao
752 1365 830 1402 aenan
847 1347 929 1402 Gallia
944 1348 1042 1404 dicitur
1058 1354 1123 1403 le'ver
1137 1356 1163 1403 ln
1179 1355 1258 1422 erere,
1278 1367 1303 1408 et
1316 1368 1407 1410 ocntra

336 1439 429 1490 barina-
437 1437 463 1485 la
475 1433 551 1492 etita,
564 1443 594 1484 ut
604 1431 680 1485 nobia
692 1433 740 1482 ilem
752 1433 857 1483 saiwilla
866 1435 1018 1485 derlamm.
1028 1434 1254 1490 Panatataliorum
1266 1440 1405 1506 aententia,

335 1536 387 1591 qna
397 1517 477 1571 verba
488 1516 565 1569 etiam
573 1517 634 1584 quid
641 1516 747 1582 apertius
755 1521 769 1564 ι’
778 1513 914 1586 placatoria
927 1528 1005 1584 aunt,
1021 1516 1147 1584 ffloenda,
1164 1519 1228 1592 quid
1241 1521 1408 1577 manifestius

335 1623 391 1658 eane
402 1613 503 1674 potent,
515 1619 594 1674 qnam
607 1599 706 1673 pieoem
717 1603 777 1667 capi
786 1601 909 1661 voluisse,
929 1613 959 1654 ut
969 1620 983 1653 a
995 1613 1021 1654 te
1034 1603 1233 1658 comedet-etan?
1245 1625 1326 1678 quam
1340 1607 1406 1661 adu-

334 1685 457 1740 lationem
465 1695 541 1755 poeta
548 1683 586 1736 aio
595 1683 708 1736 refutat:
719 1695 743 1734 ee
753 1696 834 1734 tamea
844 1686 892 1750 illi,
904 1684 960 1738 aoil.
972 1684 1085 1739 rhombo
1094 1689 1174 1738 entre
1183 1689 1194 1756 (
1200 1689 1295 1760 apina,
1303 1691 1408 1762 pinna,

333 1772 487 1841 Flarj'ardern,
503 1779 532 1820 nt
540 1772 613 1820 sudas
624 1787 663 1822 va.
675 1768 743 1838 aab)
754 1769 912 1836 insurgebant
922 1770 968 1838 (nt
980 1783 1074 1822 erectas
1084 1773 1110 1822 in
1119 1785 1186 1840 tergo
1195 1776 1267 1824 rudes
1279 1792 1318 1827 va.
1333 1776 1405 1844 128),

333 1872 386 1928 qno
401 1851 529 1926 prodebat
545 1848 751 1922 indignationem
762 1861 789 1902 et
800 1851 885 1917 imm,
898 1849 970 1922 quod
983 1864 1074 1924 captna
1087 1865 1169 1919 emet,
1184 1865 1210 1906 et
1224 1855 1405 1928 aignificabat,

332 1959 360 1992 ae
373 1937 432 2009 capi
449 1934 577 1998 aelatae,
595 1945 621 1985 et
637 1951 652 1984 a
668 1944 740 1985 tanto
750 1944 862 2006 tyranno
875 1944 905 1987 a'o
918 1948 1035 1989 monatro
1050 1937 1185 2002 consumi,
1202 1938 1322 2012 adeoque
1334 1941 1404 1994 illaa

332 2021 461 2093 piscatore
475 2035 529 2071 non
545 2016 595 2070 nini
611 2034 659 2087 per
676 2015 854 2070 adulationem
872 2016 941 2070 dicta
959 2037 1035 2072 eaae:
1058 2019 1131 2091 qnod
1145 2031 1232 2073 tamen
1248 2039 1302 2075 nou
1324 2025 1405 2078 aeneia

332 2103 497 2157 Domitianua
508 2120 516 2165 3
527 2117 588 2152 nam
598 2100 661 2151 atttt
671 2111 722 2159 est,
735 2101 801 2165 quod
811 2101 920 2162 credere,
932 2111 982 2152 etc.
996 2099 1071 2154 Hanc
1079 2100 1267 2174 interpretandi
1275 2105 1404 2160 rationem

331 2188 427 2260 probat
436 2183 623 2255 Brodencamp.
634 2183 666 2232 im
675 2181 1329 2256 Mugaaimftrmhalenflol.1,p.ur,ada;aed
1337 2189 1403 2244 ibid,

331 2290 359 2348 p.
374 2269 440 2334 4⁵2,
453 2278 527 2339 putat
538 2306 546 2333 ,
559 2267 685 2337 majorem
703 2262 770 2316 sorte
779 2262 841 2316 huic
852 2262 912 2315 boo
922 2261 977 2316 vim
989 2262 1091 2331 innare,
1106 2267 1129 2320 ai
1138 2268 1217 2322 verba
1227 2287 1335 2342 quoqne
1344 2276 1405 2339 qaid

331 2355 457 2422 apaniasr
467 2361 552 2422 poetar
563 2348 724 2406 tribuantur,
738 2346 812 2418 inque
823 2344 946 2418 placatori
958 2345 1058 2400 bonine
1069 2349 1225 2422 respondeat
1238 2364 1264 2406 et
1275 2353 1403 2426 auslrage-

331 2449 375 2492 tur
387 2455 394 2490 :
409 2437 472 2505 quid
481 2435 611 2502 apertum?
623 2431 683 2504 quia
693 2429 727 2484 de
740 2447 772 2482 eo
782 2427 903 2482 dubitet?
917 2441 940 2480 at
951 2441 1031 2480 tamen
1043 2431 1081 2481 illi
1088 2431 1154 2502 piacl
1165 2435 1246 2485 erista
1256 2439 1401 2502 surgebant.-

331 2539 363 2574 er
371 2536 424 2591 quo
432 2515 597 2588 intelligitur,
606 2532 685 2586 quam
692 2530 785 2567 verum
794 2511 829 2565 ait
834 2509 907 2583 quod
914 2510 990 2565 dicia.
998 2511 1106 2566 -Pace
1113 2513 1324 2571 doctiaaimomm
1331 2519 1402 2573 vim·

331 2619 390 2654 rum
400 2598 467 2652 ach.
478 2609 504 2650 et
512 2600 625 2665 Ruperti,
637 2597 744 2650 alteram
755 2593 942 2667 interpretandi
949 2595 1074 2650 rationem
1082 2599 1231 2670 amplector.
1241 2600 1400 2675 Primoqnia

330 2683 402 2736 huno
415 2699 520 2735 aeneum
532 2692 638 2734 tuentur
646 2677 779 2750 aequantia
796 2679 858 2729 nitu
874 2690 919 2740 est,
933 2689 999 2741 eto,
1013 2677 1109 2733 deinde
1120 2681 1181 2752 quia
1193 2681 1259 2734 milri
1271 2683 1400 2738 Jurmale

330 2769 434 2840 dignior
444 2764 561 2832 videtum
575 2763 708 2818 aatirioum
718 2763 803 2828 enim,
816 2773 859 2828 et,
872 2776 901 2816 nt
912 2763 948 2816 ita
961 2762 1061 2829 dicam,
1074 2765 1179 2837 epicum
1189 2779 1226 2820 eat
1237 2767 1339 2822 nudare
1346 2771 1399 2824 hu-

329 2869 413 2904 manm
423 2848 516 2904 mentia
529 2860 664 2912 naturam,
679 2864 752 2918 que,
769 2863 852 2917 quum
861 2845 1009 2901 adulatione
1022 2861 1143 2920 corrupta
1155 2860 1194 2903 eat
1201 2891 1210 2917 ,
1225 2869 1257 2904 eo
1268 2853 1398 2909 atolidita·

328 2933 361 2984 tia
371 2930 463 2986 incidit
471 2971 479 2996 ,
487 2942 520 2982 -ut
529 2946 695 3002 quacumque
705 2927 854 2982 laudatione
865 2928 978 3001 gaudeat
988 2943 1065 3005 atque
1081 2933 1236 2988 intumescat
1247 2954 1254 2988 :
1268 2937 1396 2992 inaulaum

329 3033 407 3078 vero,
421 3033 452 3068 ac
463 3031 538 3085 pene
549 3010 691 3064 ridiculum
702 3010 840 3064 natendere
851 3014 950 3084 placem
960 3015 1097 3087 placatoria
1107 3017 1219 3069 ontioni
1229 3018 1325 3073 infitiaa
1334 3041 1397 3075 eun-

329 3111 396 3162 tem,
410 3110 436 3151 et
444 3098 480 3152 ob
489 3097 541 3151 boo
555 3095 700 3167 prcaertim
717 3095 912 3167 indignantem,
929 3098 1001 3169 quod
1018 3101 1089 3150 tan'to
1105 3111 1216 3170 tyranno
1230 3119 1262 3154 ac
1279 3117 1397 3158 monatro

329 3180 522 3236 oonaumendua
531 3179 666 3232 alienatur.
681 3179 773 3250 Itaque
782 3197 843 3232 cum
851 3181 913 3234 clar.
921 3184 1001 3232 namet
1008 3181 1043 3234 ita
1051 3193 1194 3236 verterent

544 3297 556 3317 a
564 3273 643 3334 Qnella
652 3274 763 3321 ‹leriaiom
773 3275 897 3336 ledeapote
904 3274 997 3321 credule
1430 3313 1434 3321 .

543 3351 597 3396 aka
605 3349 869 3412 oonooitoependantuu
878 3349 1075 3412 orgueilridioula.
1085 3372 1099 3392 a
1318 3359 1363 3404 En.

362 3438 431 3490 Nor.
451 3453 500 3506 70,
512 3452 553 3505 71.
567 3433 698 3486 Sententia
710 3433 857 3486 communia
869 3445 896 3486 et
908 3433 1095 3505 epiphonema,
1110 3455 1164 3507 quo
1176 3449 1252 3509 poeta
1264 3441 1395 3496 narratio-

327 3539 388 3574 nem
397 3537 471 3575 auam
480 3518 671 3588 interrumpere
679 3515 760 3569 aolet:
775 3516 852 3568 Multi
863 3515 1016 3581 bominum,
1028 3517 1161 3590 precipue
1171 3519 1207 3585 ii,
1219 3519 1266 3590 qui
1274 3518 1394 3576 divinam

326 3604 376 3658 eibi
386 3613 537 3677 poteatatem
547 3600 757 3672 majeatatemque
762 3597 897 3652 vindicant
904 3637 912 3664 ,
920 3597 998 3650 etiam
1007 3598 1039 3651 iia
1048 3599 1169 3668 credunt,
1177 3602 1395 3676 quirinepudore

325 3685 473 3738 adulantur.
490 3681 568 3735 cont.
584 3680 674 3733 Senec.
689 3679 773 3752 Epiat.
791 3680 869 3743 Lnt,
882 3679 952 3733 med.
964 3681 1243 3756 Domitianuaqnoque
1251 3725 1260 3751 ,
1278 3697 1307 3738 ut
1321 3687 1393 3740 Cali-

325 3769 384 3838 gula
398 3769 408 3837 (
416 3766 522 3819 Sueton-
537 3763 620 3835 Calig.
636 3783 667 3816 aa
676 3767 705 3834 ),
719 3763 891 3830 Aru-elianam,
903 3763 1000 3829 Carua,
1014 3765 1210 3834 Diocletianae,
1223 3768 1391 3838 annocum,

326 3849 471 3904 Alexander
478 3849 602 3921 Magum,
610 3859 635 3898 et
643 3847 791 3918 inpr.regea
797 3847 1006 3915 Orientia(Curt.
1014 3848 1209 3917 vlu,5),non
1216 3852 1336 3918 aalutari,
1344 3855 1391 3908 aad

324 3933 427 3987 adomri
436 3974 443 4000 ,
453 3951 502 3986 neo
510 3931 560 3984 niai
568 3931 684 3982 Dominus
691 3950 722 3980 aa
730 3935 795 3982 Deus
803 3931 928 4001 appellari
936 3931 1047 3986 volebat.
1058 3941 1066 3967 ¹
1082 3961 1117 3974 -
1130 3937 1183 3986 Diis
1193 3954 1263 4003 oequa
1269 3950 1388 4003 paestas,

359 4156 366 4182 ¹
387 4149 451 4196 Vide
468 4152 531 4199 Suet.
545 4152 616 4202 uon.
634 4153 677 4209 13;
695 4151 798 4200 Martini.
813 4153 844 4212 V,
860 4151 888 4204 8,
907 4167 933 4210 ις
953 4151 1084 4216 Spaubem.
1098 4151 1129 4200 de
1144 4153 1198 4201 Uau
1211 4165 1236 4202 et
1253 4155 1290 4202 Pr.
1305 4155 1387 4204 Num.
