3058 4988
328 415 393 516 kion
487 417 660 484 VARIAE
683 416 977 480 LECTIONES
1000 417 1064 479 ET
1086 412 1240 478 NOTAE

328 540 432 584 sanctur
446 531 555 598 Jnduie,
569 545 651 585 notat.
664 531 715 584 Per
728 549 797 600 reges
810 540 898 582 nutem
911 528 1028 600 intelligo
1043 527 1208 584 sacerdotes.
1221 524 1268 596 qui
1283 533 1403 576 nanctum

328 615 460 668 intrabunt
476 628 625 669 sanctorum
639 635 646 668 :
662 634 723 669 nam
739 615 786 687 qui
799 616 941 688 Agrippam
955 613 1000 668 hic
1015 613 1101 666 notari
1115 623 1223 685 putant,
1236 628 1291 662 non
1304 607 1404 674 andio;

329 715 378 751 uec
390 697 419 750 id
431 716 462 750 ex
471 699 632 771 Hegeaippo,
644 699 752 752 minime
762 717 827 752 vero
836 717 868 750 ex
878 696 994 769 Joeepho
1005 696 1112 768 probari
1124 705 1218 767 potent.
1229 717 1241 739 ι

364 790 434 843 Nor.
457 787 516 844 160.
529 795 563 845 Et
575 794 621 846 ubi
635 793 738 858 Jndeei,
749 793 886 848 clementia
896 791 987 858 ducti,
999 795 1053 865 jem
1065 812 1079 845 a
1093 790 1187 864 priscii
1200 787 1364 861 temporibus
1379 798 1407 839 et

329 875 382 928 ritu
392 894 406 926 a
417 877 560 947 majoribus
570 877 667 930 tradito
679 877 769 932 suibus
781 891 909 950 pareunt,
921 897 1018 951 eoique
1029 895 1163 932 senescere
1175 874 1324 947 patiuntur,
1334 870 1407 924 ”nde

330 960 425 1010 senibus
433 963 529 1030 porris,-
548 961 599 1014 uiri
615 963 682 1014 sorte
693 973 769 1033 poeta
782 962 955 1017 Iudaicorum
969 962 1067 1014 rituum
1082 976 1156 1032 eque
1168 959 1276 1031 ignarus
1295 955 1359 1018 tuit,
1375 973 1406 1007 ao

331 1056 407 1098 vetus
424 1045 512 1099 schol.
531 1053 578 1120 qui
592 1061 696 1112 monet,
715 1047 822 1102 Judaeoe
839 1047 983 1119 majoribus
999 1047 1087 1118 porcia
1105 1063 1231 1118 parcere,
1247 1055 1274 1096 et
1290 1041 1407 1094 minoret

332 1125 499 1182 manducare.
508 1130 568 1183 Non
580 1132 668 1185 minna
679 1131 779 1184 urbane
788 1133 922 1204 Augustus
930 1129 1026 1184 dixisse
1037 1130 1136 1183 fertur:
1148 1130 1237 1181 uerius
1247 1139 1293 1190 est,
1303 1126 1408 1176 Herodis

328 1231 428 1282 pomum
439 1233 507 1276 esse,
521 1218 691 1288 quamfilium.
706 1219 784 1272 Cous.
797 1217 831 1270 ud
842 1216 920 1284 XIV,
932 1215 977 1284 98.

368 1386 436 1434 Vnt.
456 1388 514 1437 161.
530 1388 630 1448 Uliarre,
643 1390 685 1439 ²3.
697 1389 758 1439 Nou
774 1389 854 1451 male,
870 1399 899 1438 ut
914 1389 967 1438 hmo
983 1403 1082 1454 qnoque
1098 1396 1192 1453 pom,
1209 1401 1265 1434 ¹1⁰³
1281 1383 1409 1442 Poeifflir

333 1470 408 1519 verbe
420 1471 477 1521 nint.

369 1562 436 1615 Nor.
456 1567 514 1616 161.
524 1565 613 1620 Verba
625 1565 761 1633 Postumi,
774 1565 871 1640 quihus
879 1577 972 1639 poete,
984 1586 1023 1620 ve.
1037 1568 1085 1619 1-62
1096 1583 1151 1638 aeq.
1166 1562 1320 1636 respondet.
1329 1560 1407 1615 Geni.

335 1667 413 1722 supra
423 1648 457 1704 nd
468 1669 507 1704 ve.
521 1649 581 1703 136.
592 1681 628 1692 -
639 1653 766 1722 Gregibus,
778 1650 947 1704 multitudine
957 1650 1121 1723 puellarum,
1134 1661 1163 1701 ut
1175 1650 1245 1702 infra
1257 1667 1296 1702 re.
1313 1645 1374 1717 ¹7⁵·

369 1824 438 1873 Ver.
458 1825 664 1884 resultatura,
677 1841 725 1884 nn,
737 1826 780 1874 85.

370 1919 440 1973 Nor.
461 1923 509 1974 162
521 1939 574 1992 neq,
586 1919 638 1975 Fue
648 1921 675 1973 in
685 1940 736 1974 uua
745 1919 891 1993 eademque
899 1919 1010 1975 muliere
1018 1921 1107 1994 plurea
1119 1920 1204 1974 ineree
1213 1919 1288 1974 dote·
1299 1917 1412 1972 fortuna

336 2021 367 2057 ao
380 2003 489 2058 virtutes
503 2003 586 2077 (quod
600 2017 686 2058 temen
702 2004 866 2059 rarissimum
879 2005 944 2072 eet),
958 2017 1122 2078 propterera
1135 2003 1331 2076 ipmaruperba
1346 2001 1411 2066 erit,

336 2105 387 2158 qur
400 2105 482 2140 uxore
494 2087 562 2140 nihil
571 2099 608 2142 eet
619 2087 817 2142 intolerabilius.
831 2085 938 2141 Festum
947 2105 1011 2140 rem
1021 2087 1132 2159 gignunt
1141 2085 1284 2138 mulierum
1294 2083 1414 2156 pulchri·

337 2167 402 2222 tudo
411 2169 482 2239 (vid.
495 2170 576 2224 Ovid.
589 2171 659 2225 Fert.
673 2171 699 2232 1,
713 2177 765 2238 4¹9
776 2181 804 2224 et
813 2172 846 2224 al.
857 2173 883 2240 ),
897 2169 996 2224 divitie
1005 2169 1073 2239 (vid.
1084 2169 1153 2224 inira
1166 2168 1308 2240 dinem),
1319 2167 1412 2220 secun·

337 2253 405 2308 ditae
421 2257 469 2324 (ve.
486 2273 534 2326 ¹7²
549 2258 626 2328 nem),
640 2255 762 2310 nobiliter
777 2255 879 2328 generis
893 2266 918 2308 et
932 2254 1034 2308 metitus
1045 2257 1094 2322 (ve.
1110 2255 1160 2322 167
1175 2254 1249 2325 rem).
1261 2255 1379 2302 Formosa
1388 2261 1413 2303 et

339 2339 428 2388 decens
450 2336 502 2393 hoc
515 2339 574 2392 loco
591 2342 739 2412 junguntur
750 2351 875 2412 tanquam
886 2337 996 2392 diverse
1007 2334 1206 2407 significationis
1224 2333 1354 2388 voeabula
1364 2373 1374 2399 ,
1385 2345 1412 2386 ut

334 2429 439 2492 pulcher
446 2438 471 2479 et
478 2429 564 2478 decem
573 2423 644 2496 apud
654 2424 725 2478 Suet.
735 2425 813 2477 Dom.
826 2442 851 2476 o.
866 2423 897 2476 ru
908 2461 916 2488 ,
925 2439 967 2494 pr.
977 2421 1048 2473 Bene
1056 2419 1117 2472 Jaui
1125 2417 1160 2472 nd
1169 2419 1260 2472 Horat.
1269 2417 1323 2472 Od.
1334 2417 1358 2482 Ι,
1372 2417 1412 2481 18,
1523 2425 1524 2428 ’

338 2513 373 2562 6:
389 2535 400 2556 ι
409 2515 514 2569 necem,
524 2520 681 2580 perpetuum
690 2507 802 2560 Venerin
814 2517 840 2559 et
850 2505 1001 2558 Gratiarum
1014 2503 1106 2572 (verbi
1118 2520 1206 2556 cauam
1216 2541 1224 2568 ,
1236 2500 1290 2554 Od.
1302 2501 1332 2566 1,
1345 2502 1413 2567 m)

337 2592 486 2664 epitheton,
494 2608 577 2662 quum
586 2591 729 2662 perfectam
740 2589 819 2642 totiue
828 2587 947 2660 oorporie
957 2584 1184 2658 pulchritudinem
1194 2584 1349 2656 designans,
1357 2595 1412 2636 tum

340 2674 449 2747 gratiam
460 2673 531 2726 illem
541 2669 736 2745 pulchritudini
749 2670 913 2742 adjunctum,
926 2687 985 2741 qun
993 2680 1019 2723 te
1026 2669 1075 2722 tibi
1085 2669 1224 2740 subripiet.
1236 2692 1248 2714 ι
1257 2697 1294 2708 -
1304 2674 1413 2719 Venustus

335 2759 467 2825 porticibus
477 2758 591 2824 deponar
600 2773 669 2815 avos,
679 2769 772 2808 eorum
781 2751 922 2823 imaginem
932 2753 984 2806 hoo
994 2749 1411 2818 eat‚rttnobi1ia.t¹idndv111,
1522 2799 1523 2806 ,

342 2857 366 2894 1.
383 2869 419 2881 -
434 2839 563 2900 Intaceior,
574 2836 681 2903 certior,
695 2847 724 2888 ut
734 2834 805 2907 apnd
817 2834 898 2906 Prop.
910 2836 959 2899 11,
971 2838 996 2896 6,
1014 2851 1044 2888 ar
1057 2853 1064 2888 :
1080 2853 1167 2902 rapere
1179 2835 1286 2885 {maetas
1298 2835 1411 2895 &binae
1522 2882 1523 2911 ,

340 2909 467 2990 aufidius
480 2908 608 2984 citizam
623 2934 684 2970 narn
699 2929 802 2984 tangere
818 2913 942 2968 seminam
957 2912 992 2967 de
1009 2933 1039 2968 re
1054 2915 1172 2970 Venerea
1187 2912 1289 2968 dicitur
1302 2913 1413 2968 honato

340 2997 487 3058 vocabulo,
499 3007 530 3049 ut
538 2985 753 3061 paradeum,
767 2993 837 3068 apud
849 2993 941 3066 Eurip.
951 2993 1033 3068 Hipp.
1050 3000 1136 3059 1044:
1148 2992 1211 3047 vide
1219 2993 1368 3048 Mitecheri
1382 2991 1412 3046 ad

340 3079 432 3134 Horat
450 3079 503 3133 Od.
523 3079 583 3145 ΙΙΙ,
607 3097 649 3145 ιι,
669 3097 710 3133 ιο.
735 3076 814 3132 Cous.
837 3078 930 3134 Horat.
949 3075 1001 3130 Od.
1019 3079 1050 3144 I,
1064 3096 1091 3147 7,
1114 3078 1138 3137 5.
1159 3088 1185 3130 et
1200 3075 1254 3128 Sat.
1277 3075 1302 3142 Ι,
1322 3095 1349 3142 n,
1369 3075 1412 3141 5ss

340 3163 416 3235 Virg.
435 3163 541 3216 AEneid.
558 3162 585 3228 1,
606 3161 669 3228 345,
688 3174 714 3215 et
729 3162 856 3233 Calpur-n.
877 3160 933 3214 Eul.
950 3160 994 3221 11.
1013 3177 1039 3226 r,
1050 3159 1085 3214 ad
1096 3179 1177 3233 quem
1194 3159 1368 3214 Weruedori.
1386 3160 1412 3212 in

340 3245 413 3302 Poet.
425 3247 470 3300 lat.
483 3247 548 3299 min.
560 3258 624 3300 tom.
635 3247 663 3298 11
673 3287 680 3312 ,
690 3264 749 3318 pig.
759 3263 805 3314 ρο,
816 3255 919 3305 mouet,
930 3245 1033 3297 meamus
1042 3263 1095 3297 non
1104 3243 1190 3297 nolum
1200 3242 1254 3295 dici
1266 3243 1413 3314 integraret

341 3340 439 3394 certae,
449 3327 495 3382 aed
507 3340 532 3380 et
543 3347 645 3382 arverne
658 3347 689 3382 ao
700 3327 819 3382 duriores
829 3325 954 3380 adversus
964 3327 1109 3380 amentium
1121 3327 1266 3380 illecebrae.
1281 3325 1352 3378 ilino
1362 3343 1415 3378 uon

343 3423 391 3478 eat,
401 3410 473 3484 quod
484 3414 516 3464 sit
522 3414 612 3463 castior
619 3423 762 3483 reponatur
770 3430 819 3482 pro
828 3412 953 3471 intactior,
963 3409 1261 3472 suadentelttarttando,
1270 3413 1347 3482 cujus
1354 3422 1412 3462 nota

343 3493 376 3546 ad
386 3494 448 3546 Stet.
460 3493 524 3547 sttv.
534 3494 563 3545 11
571 3534 579 3558 ,
588 3493 614 3556 3,
624 3496 667 3564 73,
674 3505 725 3548 eet:
737 3521 748 3542 ι
756 3494 840 3566 Virgo
847 3495 940 3544 meana
949 3506 1000 3558 eat,
1011 3492 1039 3547 id
1047 3507 1084 3546 ent
1092 3535 1100 3560 ,
1109 3495 1190 3547 aviro
1196 3513 1250 3547 nou
1258 3505 1326 3547 ueta
1333 3492 1413 3565 (quod

344 3594 449 3631 verium
460 3577 488 3629 in
498 3592 575 3630 eenru
584 3578 706 3630 obncoeuo
716 3576 862 3648 accipitur)
872 3595 879 3640 ;
892 3587 1008 3628 manuue
1018 3595 1083 3630 vero
1091 3595 1143 3630 non
1153 3587 1238 3650 potest
1246 3595 1302 3630 enee
1311 3579 1411 3636 imaue,

343 3661 377 3714 eit
386 3672 456 3714 caetu
468 3659 545 3726 iicet,
559 3658 666 3732 quando
675 3659 781 3732 conjugi
793 3657 872 3712 iidem
882 3673 976 3714 semet.
989 3659 1091 3714 sabine
1104 3673 1190 3715 antem
1200 3701 1208 3728 ,
1220 3679 1305 3733 quum
1317 3662 1411 3714 bellum

343 3744 453 3797 Sabinos
467 3743 535 3797 inter
548 3755 574 3795 et
586 3743 717 3795 Romanoa
732 3739 911 3808 diremerunt,
932 3755 1028 3796 matres
1041 3755 1130 3808 erant,
1152 3761 1214 3815 ergo
1232 3761 1287 3796 unu
1306 3746 1411 3795 rhmctae.

344 3829 431 3893 Quam
446 3826 656 3882 emendationem
670 3827 757 3880 firmat
771 3837 845 3880 vetus
859 3825 948 3880 Sehoi
961 3830 1036 3900 cnjus
1050 3839 1088 3882 eet
1102 3828 1185 3898 glossa
1197 3846 1205 3881 t
1220 3829 1254 3878 sir
1265 3829 1356 3880 nascier
1367 3831 1414 3882 Sue

346 3913 415 3962 binis.
429 3911 521 3977 Quum
532 3910 612 3982 igitur
620 3909 699 3982 Pmp.
710 3909 754 3974 11;
765 3912 793 3976 6,
807 3927 852 3977 21,
863 3909 946 3964 dixit:

561 4009 597 4056 Tu
608 4023 692 4070 rapere
702 4007 800 4056 intectae
810 4006 913 4054 docuisti
923 4006 1019 4070 impune
1028 4005 1143 4066 Sabinae,

345 4093 378 4146 de
395 4092 497 4149 Sabinis
510 4095 597 4149 udhnc
610 4097 748 4165 virginibus
765 4094 877 4168 ideoque
894 4097 991 4146 intacu's
1008 4095 1111 4148 loeutus
1126 4107 1179 4162 est,
1196 4111 1251 4148 non
1270 4093 1305 4148 de
1323 4092 1415 4148 iisdem

347 4179 434 4230 beilum
441 4179 617 4242 diffluentibus,
626 4195 684 4250 qun
691 4190 755 4232 tuuc
762 4193 852 4231 matres
861 4191 947 4243 erant,
956 4176 1069 4251 ideoque
1078 4191 1158 4233 ταυτα.
1166 4202 1178 4226 ι
1186 4177 1343 4234 iuvenalem
1351 4197 1415 4252 quoe

484 4295 515 4336 'x
