3056 4984
296 365 361 456 398
444 353 617 424 VARIAE
646 345 943 416 LECTIONES
973 331 1217 416 ET‘NOTiE

294 480 353 532 mit.
363 472 503 528 Salmasius
513 479 601 520 autem
610 463 645 518 ad
653 461 762 534 Vopisci
773 459 861 512 Corin.
872 468 936 510 tout.
947 456 989 520 ΙΙ,
998 473 1058 527 pag.
1070 452 1134 517 833,
1147 450 1189 504 ed.
1199 448 1287 502 nack.
1296 457 1365 500 reete

295 563 363 615 inter
374 559 423 611 alia
436 563 538 616 monet,
551 543 798 621 quemadmodum
812 539 927 614 Pylade,
943 538 1046 610 tragica
1058 534 1201 589 saltationis
1214 532 1367 594 insnum,

294 663 386 700 ornnes
400 644 455 713 ejus
469 651 627 690 successores
645 650 677 684 ac
689 627 832 700 discipulos
846 628 974 691 tradas,
993 623 1047 688 ita,
1060 621 1107 694 qui
1119 640 1132 672 a
1146 619 1234 692 primo
1246 615 1368 687 Bathyllo

295 729 459 784 saltationem
471 719 598 774 comicum
611 733 658 788 per
668 731 759 764 manus
770 709 890 764 traditam
902 707 1079 778 accepissent,
1088 707 1213 770 Bathyllos
1222 719 1279 754 esse
1290 717 1367 754 voct-

296 825 346 864 tos.
361 835 372 854 ι
386 807 527 858 Enimvero
540 811 615 874 poeta
628 795 793 850 diversorum
807 810 912 864 quoque
925 789 1103 860 similiumque
1121 799 1271 858 temporum
1284 799 1368 836 mores

297 893 455 950 adumbrare
474 886 580 962 potuit,
601 894 626 935 et
646 882 746 948 Appula
763 877 851 950 potius
872 878 962 926 raissica
975 873 1081 926 videtur
1092 871 1178 944 puella
1193 887 1269 934 esse,
1291 881 1368 938 quam

300 979 432 1046 Thymele,
446 971 479 1025 de
492 989 542 1042 qua
558 965 619 1020 vide
633 963 707 1029 adl,
720 962 762 1013 36.
773 959 842 1014 Hinc
854 957 920 1010 torte
932 955 1067 1009 retinenda
1083 955 1172 1008 luisset
1184 952 1263 1005 lectio
1273 991 1281 1016 ‚
1292 965 1369 1020 quam

298 1064 362 1117 olim
375 1079 390 1112 e
402 1058 484 1111 tribus
494 1053 570 1106 libris
584 1061 647 1103 antt„
662 1061 812 1118 receperam
826 1061 833 1095 ε
847 1046 945 1110 longum
955 1041 1065 1091 Attendi’s
1076 1041 1223 1105 Thymelen:
1240 1034 1369 1099 Thymelen

300 1147 374 1218 (ejus
383 1141 481 1209 artem)
492 1152 548 1187 tana
558 1137 646 1186 mstiea
658 1130 795 1202 (Appula)
805 1128 885 1186 discit,
897 1142 950 1176 non
961 1121 1119 1176 restituenda
1132 1118 1259 1191 vulgaris,
1268 1133 1338 1188 qne,
1348 1113 1369 1166 si

299 1247 361 1282 vera
374 1223 473 1288 est‚sic
482 1215 634 1290 explicanda
648 1213 769 1266 videtur:
784 1211 913 1275 Tbymele,
924 1207 1020 1258 rustica
1032 1205 1117 1278 puella
1128 1243 1136 1268 ‚
1146 1203 1264 1262 aumdit,
1276 1207 1371 1250 attente

300 1321 411 1384 spectat,
423 1302 489 1358 illud
499 1301 610 1358 salinam,
621 1297 762 1348 miserabile
772 1303 797 1344 et
809 1295 915 1358 longum,
926 1287 983 1340 hacc
991 1304 1095 1340 sensnm
1102 1295 1258 1358 gestnnmve
1267 1295 1369 1352 genera

300 1414 315 1446 a
329 1389 490 1464 pantomimo
503 1384 592 1454 aliquo
605 1396 722 1452 expressa
742 1377 791 1443 (nt
806 1375 888 1424 aeriis
906 1383 976 1422 sonas
985 1371 1107 1438 plorabile
1116 1369 1236 1436 quiddam
1250 1367 1315 1414 altra
1327 1379 1368 1411 ae-

302 1479 402 1546 quitiam
405 1471 497 1542 fractis
509 1463 581 1538 apud
592 1459 684 1516 Claud.
696 1456 806 1518 xvnt,
822 1458 882 1518 ²61,
893 1464 919 1505 et

518 1561 675 1611 Rancidulum
688 1555 801 1620 quiddam
813 1549 884 1598 bslba
895 1548 926 1595 de
937 1564 994 1595 aare
1005 1549 1114 1604 loeutus,

518 1635 652 1693 Phyllidas,
664 1631 816 1692 Hypsipyles,
827 1634 907 1672 ratum
917 1633 942 1669 et
952 1622 1069 1685 plorabile
1082 1621 1102 1670 si
1112 1621 1186 1684 quid,

519 1711 615 1771 Eliquat
625 1719 650 1753 et
661 1717 744 1752 tenero
754 1701 892 1764 supplantat
902 1698 975 1743 verba
986 1697 1083 1760 palato,

304 1800 375 1878 apud
386 1801 458 1853 Pers.
471 1797 500 1858 Ι,
520 1794 553 1847 33
566 1812 620 1864 seq.
629 1793 655 1860 )‚
674 1803 700 1843 et
712 1804 768 1840 tanc
782 1789 898 1853 Thymele
907 1788 995 1836 mistica
1009 1786 1079 1835 discit
1087 1781 1145 1846 illa,
1157 1797 1217 1854 quat
1225 1777 1316 1842 videt,
1330 1794 1373 1828 eo·

304 1903 418 1958 rumque
436 1877 668 1952 exprimendarum
688 1873 826 1925 rationem.
841 1899 877 1910 —
890 1869 1014 1932 Batiai-llus
1029 1877 1055 1919 et
1071 1867 1184 1930 Thymele
1197 1864 1225 1915 in
1242 1860 1374 1914 saltatione

304 1970 405 2027 comica
414 1968 425 2034 ,’
438 1966 486 2020 etsi
501 1963 580 2017 variis
594 1959 766 2032 temporibus,
784 1961 840 2028 prae
853 1951 945 2006 ceteris
960 1949 1151 2014 excelluerunt;
1167 1965 1251 2020 qttare
1271 1944 1374 1997 nomina

306 2071 398 2108 eorum
408 2047 524 2123 junxisse
537 2041 642 2097 videtur
653 2052 740 2114 poeta.
755 2036 865 2092 conta.
877 2033 911 2087 de
923 2032 976 2086 boc
988 2033 1064 2100 loco,
1079 2031 1113 2085 dc
1128 2033 1217 2081 Tuccia
1230 2042 1254 2079 et
1263 2029 1375 2096 Appula,

306 2137 371 2188 Var.
390 2133 464 2184 Lect.

341 2305 409 2352 Vsa.
427 2297 540 2356 ‹ts-to.
553 2295 623 2343 Conl.
634 2291 694 2340 Not.
705 2295 823 2358 sequent.
838 2287 870 2336 ad
883 2285 939 2334 b.l.

342 2397 412 2450 Non.
434 2391 549 2455 64-66,
563 2390 638 2438 Tucia
651 2403 701 2450 223
715 2383 788 2433 Tutia
800 2399 843 2450 ²7·
856 2385 891 2450 47
902 2419 910 2444 ,
922 2378 970 2442 54,
982 2377 1033 2441 63,
1046 2379 1147 2442 Tuscia,
1160 2373 1204 2441 ir,
1218 2391 1250 2442 ¹9
1259 2416 1268 2440 ‚
1278 2375 1326 2440 23,
1338 2376 1379 2438 25,

309 2483 355 2547 46,
367 2479 410 2542 48,
422 2476 527 2531 56-60
534 2513 542 2538 ‚
549 2488 629 2544 quam
640 2469 699 2521 lect
709 2465 785 2517 multi
794 2463 921 2536 probant,
930 2461 991 2534 quia
999 2480 1059 2514 cum
1068 2463 1166 2528 Appula
1172 2459 1302 2532 jungitur.
1312 2459 1380 2515 Huic

308 2579 396 2620 umen
407 2561 466 2616 voci
477 2554 647 2629 responderet
660 2551 748 2624 potius
762 2554 856 2608 Tusca,
871 2560 896 2600 et
908 2547 951 2600 illa
963 2559 1139 2599 matronarum
1154 2545 1258 2598 nontma
1272 2563 1325 2598 non
1335 2563 1381 2616 pe-

308 2651 354 2702 tita
366 2667 382 2700 a
394 2643 545 2718 regionibus
558 2637 717 2711 populisque
729 2633 826 2696 ltalia,
838 2631 909 2684 seda
922 2629 1048 2684 Iuvenale
1058 2629 1169 2684 conficta
1180 2627 1322 2693 videntum
1332 2629 1381 2682 nisi

309 2735 398 2810 potius
406 2731 451 2782 hic
458 2738 617 2786 matronam,
625 2738 672 2772 seu
681 2717 796 2790 puellam
807 2707 970 2787 peregrinam
982 2717 1103 2782 Appulam
1113 2731 1144 2766 eo
1152 2730 1230 2766 sensu
1239 2711 1321 2774 dixit,
1330 2729 1383 2784 qm

310 2819 402 2871 Horat,
417 2809 504 2884 Epod
516 2807 562 2870 ΙΙ,
577 2805 610 2872 39
621 2821 675 2872 seq.
686 2801 780 2868 pudica
792 2799 914 2848 mulier...
932 2798 1024 2847 Sabino
1035 2799 1115 2864 quali's
1128 2810 1174 2846 aar
1184 2809 1287 2862 perusta
1298 2798 1384 2848 solibus

311 2898 418 2950 Pemicis
431 2887 600 2956 oaorAppuli.
610 2881 687 2936 Conl.
696 2881 764 2932 intra
776 2876 809 2932 ad
820 2877 854 2940 Χ,
867 2896 927 2948 299.
943 2880 1038 2938 Tucca,
1049 2875 1121 2950 quod
1128 2882 1180 2951 jam
1193 2877 1238 2930 alii
1250 2895 1384 2936 mmm,

311 2978 418 3034 videtur
429 2974 479 3026 hoc
489 2971 547 3022 loeo
555 2965 669 3018 Vestalis
678 2963 720 3014 illa
732 2979 798 3026 esse¹
809 2980 868 3032 quse
878 2961 968 3013 hausta
976 2959 1064 3014 cribro
1073 2979 1141 3032 aqua
1147 2958 1305 3030 pudicitiam
1312 2977 1384 3010 mm

313 3058 452 3135 probavit;
465 3051 552 3127 qualia
564 3061 589 3101 et
600 3046 667 3099 Plin.
678 3045 748 3106 Vll,
763 3044 808 3108 ³⁵3
819 3043 927 3096 Sueton.
940 3043 1000 3096 Tib.
1014 3061 1039 3108 ι,
1049 3041 1147 3114 aliique
1158 3041 1192 3094 de
1203 3041 1314 3094 Claudia
1323 3059 1385 3092 w.

312 3155 387 3199 rant:
400 3138 455 3191 vid.
467 3135 528 3190 vat.
542 3127 710 3192 Max.v111‚
724 3126 773 3195 1‚5
786 3127 843 3196 (ubi
852 3127 923 3180 conl.
932 3127 1040 3200 intpp),
1052 3137 1076 3176 et
1087 3125 1154 3178 Plin.
1165 3101 1238 3176 xltt
1248 3125 1324 3184 111.2
1334 3127 1385 3178 etss

313 3226 372 3298 (ubi
381 3217 607 3288 conbllarduin.)
618 3255 626 3280 ,
638 3213 734 3284 quibus
745 3211 810 3266 locis
821 3211 941 3264 similiter
951 3211 1013 3276 libri
1022 3209 1131 3272 variant,
1140 3221 1167 3264 et
1181 3213 1269 3270 Tussis,
1284 3214 1386 3268 Tuscia,

317 3311 407 3364 tuccia
418 3303 551 3357 exhibent.
563 3297 641 3351 cont.
656 3293 766 3348 Ernesti.
779 3293 852 3348 Clar.
864 3295 948 3350 Cicer.
959 3295 988 3346 iu
997 3292 1057 3348 Ind.
1067 3293 1166 3347 Hister.
1179 3311 1239 3346 roc.
1254 3297 1386 3346 m...

316 3396 411 3463 Apula,
426 3404 468 3453 19,
484 3401 526 3448 ar,
538 3400 581 3445 aa,
594 3390 684 3430 contra
696 3377 766 3448 leges
779 3375 865 3430 metri.

352 3502 421 3556 Noa.
439 3495 553 3552 65-66.
562 3486 668 3540 Retinni
678 3485 757 3538 mum
770 3504 840 3540 nunc
850 3485 981 3555 vulgatam
992 3485 1144 3548 lectionem,
1156 3483 1207 3536 nisi
1219 3483 1293 3555 quod
1304 3486 1389 3537 maxi·

316 3603 388 3640 mam
397 3579 515 3634 distinct.
527 3571 605 3646 posui
613 3580 672 3641 post
684 3572 819 3635 amplexo,
833 3579 859 3622 at
871 3568 949 3624 verbi
959 3569 1079 3626 appu,
1095 3569 1235 3617 mma,
1243 3580 1271 3619 α
1282 3571 1390 3636 men

318 3665 460 3740 majoribus
471 3657 552 3714 literis
562 3652 655 3706 initial.
668 3649 837 3722 exprimenda
846 3650 946 3708 curari.
956 3649 1043 3704 Possis
1052 3650 1130 3701 edam
1140 3649 1272 3702 sefihem
1283 3653 1389 3700 &sm

319 3747 485 3806 assentite
493 3746 590 3808 tongam
598 3734 668 3804 (diu)
677 3737 800 3794 Adsedit,
811 3735 853 3788 val
861 3733 1061 3804 inter-pungas:
1071 3735 1172 3798 Am),
1178 3735 1283 3800 mm,
1294 3736 1356 3783 Μ
1365 3733 1391 3780 5.

319 3837 450 3902 amplexu,
466 3828 568 3879 subitum
581 3834 605 3872 st
615 3819 768 3876 miserabile,
782 3816 870 3870 subito
884 3827 910 3871 el
922 3814 1111 3872 mlfflhllller.
1126 3814 1179 3868 Sed
1188 3827 1278 3868 nostra
1290 3827 1318 3868 et
1327 3817 1393 3868 sori·

320 3931 398 3992 ptura
409 3927 435 3968 et
447 3907 580 3966 distirsctm
592 3913 714 3976 prostare
725 3900 840 3964 videtur,
854 3911 880 3955 et
890 3899 989 3969 ellipsis
1002 3897 1103 3969 copulas
1116 3911 1177 3950 ante
1188 3903 1296 3967 tmpus·
1307 3899 1391 3950 sm.

322 4001 375 4054 nali
390 3991 661 4068 frequentissimam:
675 3984 730 4040 vid.
749 3982 783 4036 ad
796 3984 851 4048 IV,
868 3983 920 4046 63,
934 3981 961 4032 lu
974 3980 1036 4032 Vsu.
1047 3981 1119 4034 Leot-
1130 3984 1206 4032 &aas
1217 3995 1240 4032 ss
1252 3984 1394 4035 mismlsls

322 4088 419 4168 hapso
432 4078 542 4132 Accendit
554 4072 651 4126 rustica
661 4069 765 4134 mulier,
780 4079 807 4120 et
822 4066 910 4120 minus
925 4073 1030 4135 experta
1041 4061 1167 4132 delicias,
1178 4064 1283 4118 mend.
1298 4063 1391 4116 Βοιὼ.
