3056 4984
326 389 389 464 368
598 399 638 464 D.
668 397 806 463 JUNII
834 395 1120 464 JUVENALIS

324 514 441 601 Quum
457 510 573 580 lassata
588 511 680 606 gravi
696 507 893 582 ceciderunt
909 511 1046 580 brechia
1061 535 1185 600 massa,

323 619 469 691 Callidus
484 635 519 689 ct
532 621 639 691 cristes
654 620 776 716 digitos
791 621 959 717 impressit
972 619 1107 715 aliptes,

322 731 373 798 Ac
386 753 554 799 summum
570 729 713 800 dominoe
729 729 841 799 femur
855 729 1039 800 exclamare
1055 731 1177 825 coegit.

322 837 480 908 Convivae
494 838 608 908 miseri
622 840 752 909 interea
765 865 953 934 somnoque
967 839 1123 935 fameque

322 950 542 1043 Urguentur:
559 941 695 1028 tandem
710 949 765 1020 illa
777 952 872 1021 venit
887 951 1128 1038 rubicundula,
1146 965 1253 1019 totum
1341 933 1395 1026 μέ

321 1058 572 1154 OEnopbor'um
587 1060 720 1147 sitiens,
734 1059 836 1156 plena
849 1060 940 1155 quod
954 1061 1106 1130 tenditur
1119 1049 1218 1130 urna

320 1169 504 1242 Admotum
519 1170 680 1264 pedibus,
697 1170 739 1240 de
755 1196 823 1266 quo
839 1171 1000 1240 sextarius
1013 1170 1100 1240 alter

319 1283 465 1351 Ducitur
477 1298 555 1352 ante
568 1282 697 1370 cibum,
710 1282 860 1352 rabidam
875 1281 1024 1351 facturus
1037 1283 1175 1352 orexim.

320 1395 412 1462 Dum
428 1393 533 1478 redit,
549 1409 583 1462 ct
599 1393 669 1463 loto
686 1411 810 1464 terram
825 1391 906 1462 ferit
921 1391 1096 1480 intestino,

319 1504 546 1573 Marmorihus
561 1504 624 1572 rivi
640 1519 843 1598 properant,
861 1517 919 1570 aut
933 1501 999 1570 lata
1012 1501 1191 1570 Falernum
1340 1513 1391 1579 tte

318 1611 428 1682 Pelvis
442 1613 512 1688 olet
527 1638 534 1681 :
550 1638 627 1682 nam
643 1614 706 1697 sic,
724 1628 881 1709 tanquam
898 1612 963 1682 alta
979 1613 1015 1680 in
1033 1610 1121 1681 dolia
1135 1610 1256 1712 lopgus

318 1723 493 1793 Deciderit
506 1749 663 1819 serpens,
679 1723 764 1792 bibit
778 1738 812 1791 et
825 1723 941 1791 vomit.
957 1725 1047 1816 Ergo
1061 1721 1200 1790 maritus

318 1836 486 1921 Nauseat,
501 1849 601 1928 atque
616 1834 721 1904 oculis
734 1833 835 1902 bilem
852 1832 1049 1925 substringit
1063 1832 1201 1926 opertis.

340 1947 343 1954 '
366 1941 428 2010 Illa
440 1957 553 2012 tamen
569 1944 712 2038 gravior,
728 1967 820 2036 quae,
835 1967 939 2036 quum
956 1940 1166 2012 discumbere
1181 1940 1300 2036 coepit,

318 2053 449 2122 Laudat
464 2053 663 2146 Virgilium,
677 2053 836 2147 periture
851 2051 994 2146 ignoscit
1007 2050 1139 2138 Elissae,
1339 2064 1389 2131 sts

317 2163 507 2232 Committit
523 2177 615 2232 vates
629 2177 664 2231 ct
680 2177 870 2258 comparat,
888 2161 966 2230 inde
982 2163 1159 2230 Maronem

318 2367 478 2455 provocat,
489 2381 624 2456 plumbea
637 2401 729 2440 massa
741 2383 772 2438 in
787 2401 900 2452 aerem,
923 2380 1018 2438 donec
1038 2379 1154 2437 brachie
1177 2379 1389 2457 defatigemur,

318 2473 419 2550 sepius
437 2474 558 2548 jactata3
578 2485 607 2531 et
630 2475 700 2532 dum
718 2485 853 2531 versutus
870 2484 988 2541 unctor,
1008 2472 1058 2549 qui
1078 2491 1174 2529 mores
1192 2473 1270 2529 illios
1293 2473 1388 2544 callet,
1497 2531 1498 2542 ,

288 2619 291 2631 ,
317 2565 424 2642 digitos
449 2565 596 2622 titillantes
618 2568 709 2623 cristae
735 2567 863 2623 molliter
880 2563 1046 2640 impressit,
1071 2583 1272 2639 summumque
1296 2567 1388 2623 femur

317 2651 442 2713 dominre
456 2658 550 2733 coegit
561 2657 650 2714 altere
663 2653 934 2732 manu·perfricente
945 2650 1069 2714 sonitum
1083 2657 1177 2714 cdere.
1189 2658 1310 2714 Interim
1322 2677 1389 2715 con·

316 2748 389 2806 vivae
403 2748 500 2806 miseri
513 2750 590 2806 illam
602 2739 683 2806 domi
693 2760 903 2824 exspectantes,
916 2751 989 2806 fame
999 2769 1031 2806 ac
1041 2769 1143 2807 somno
1156 2750 1341 2808 cruciantur:
1353 2751 1388 2809 ad

317 2853 477 2901 extremum
493 2842 573 2899 adest
589 2841 853 2912 ore‘inllammato,
870 2854 899 2899 et
918 2842 1080 2898 sitientibus
1097 2841 1243 2910 faucibus,
1262 2843 1338 2897 adeo
1357 2853 1389 2899 ut

316 2953 365 2990 ves
385 2934 528 2991 vinarium
551 2945 646 2991 totum
666 2935 801 2992 videatur
822 2937 974 2994 exhaurire
992 2936 1085 3005 velle,
1108 2936 1189 3010 quod
1211 2947 1278 2991 ante
1303 2935 1387 3010 ipsius

314 3025 402 3101 pedes
420 3047 500 3084 mero
520 3028 656 3102 plenum,
670 3039 699 3084 et
717 3046 821 3084 urnam
839 3038 928 3085 totam
949 3029 1115 3096 continens,
1128 3027 1271 3086 statuitur.
1290 3029 1334 3083 Ex
1354 3047 1387 3084 eo

314 3119 454 3176 sextarios
473 3118 546 3175 duos
564 3119 654 3179 ebibit
670 3131 736 3177 ante
754 3121 844 3198 ipsam
863 3139 986 3191 coenam,
1005 3139 1074 3177 mox
1092 3120 1218 3190 evomit,
1235 3131 1388 3195 postquam

313 3210 371 3266 illis
391 3211 568 3268 stomachum
590 3211 705 3269 abluit:
722 3213 766 3268 ite
781 3213 934 3269 maximam
951 3211 1009 3269 cibi
1023 3215 1215 3287 appetentiam
1235 3212 1272 3268 ed
1292 3213 1387 3287 epulas

316 3303 410 3362 alfort.
426 3307 502 3360 Dum
516 3305 557 3361 sic
572 3316 670 3380 potat,
685 3317 824 3381 quantum
838 3305 914 3361 bibit
927 3304 1043 3380 anguis,
1059 3305 1171 3360 dolium
1187 3305 1307 3378 plenum
1322 3323 1387 3360 nse-

315 3409 379 3466 tns;
396 3397 465 3452 dum
481 3415 581 3453 rursus
592 3397 701 3469 vomit,
713 3397 877 3474 conspergit
890 3397 951 3452 vini
964 3398 1079 3453 Falerni
1092 3397 1162 3453 rivis
1177 3408 1300 3452 stratum
1314 3415 1388 3453 niar-

314 3507 395 3546 more
409 3490 628 3564 parimentum‚
644 3501 694 3546 ant
708 3491 809 3548 eodem
824 3491 929 3566 pelvim
943 3491 1099 3564 subjectam
1112 3490 1231 3564 implet,
1250 3509 1309 3546 non
1328 3489 1386 3546 sine

314 3581 406 3638 odore
421 3581 608 3658 gravissimo,
622 3601 709 3658 quem
723 3603 862 3640 nauseans
877 3582 1012 3652 meritus,
1030 3581 1178 3658 oculisque
1191 3583 1384 3653 nictantibns,

314 3691 389 3749 egre
402 3672 476 3743 fert,
495 3673 603 3748 vixque
619 3673 675 3730 sibi
686 3693 702 3730 a
714 3674 828 3731 vomitu
841 3675 931 3730 iratus
945 3684 1094 3748 temperat.

356 3765 422 3833 134,
444 3765 495 3820 llla
516 3776 613 3822 umen
631 3766 782 3823 molestior
798 3777 841 3823 est
857 3767 975 3836 mulier,
993 3785 1081 3841 quum
1100 3766 1131 3821 in
1150 3767 1221 3822 vino
1241 3778 1272 3823 et
1291 3785 1383 3824 mense

313 3855 411 3912 laudes
429 3856 546 3934 Virgilii
569 3857 773 3933 persequitur3
792 3875 883 3933 quum
904 3868 1020 3914 excusat
1042 3857 1206 3928 Didonem,
1226 3860 1310 3934 quod
1331 3858 1382 3914 sibi

314 3965 412 4002 necem
422 3946 481 4022 ipsa
494 3947 666 4006 consciverit
678 3969 687 4018 ;
701 3967 791 4024 quum
802 3960 901 4023 poetas
913 3947 990 4007 inter
1000 3969 1030 4006 se
1043 3950 1192 4025 componit
1202 3991 1211 4021 ,
1221 3963 1309 4026 etque
1319 3951 1381 4006 binc

247 4087 253 4097 .
314 4037 345 4091 in
362 4057 420 4094 una
436 4040 517 4112 qussi
536 4040 651 4098 trutinae
666 4042 747 4098 lance
763 4041 937 4118 Virgilium,
955 4041 987 4097 in
1003 4042 1092 4097 altera
1111 4043 1271 4098 Homerum
1290 4042 1380 4098 collo·

314 4146 396 4202 cans,
412 4139 478 4188 uter
494 4132 554 4191 utri
572 4133 610 4190 sit
628 4133 824 4210 praeferendus
842 4134 990 4211 disputat,
1011 4144 1090 4193 unta
1106 4135 1266 4194 verborum
1283 4133 1379 4211 copie,
