3148 4990
567 413 832 479 ANALYSIS.
1193 435 1236 500 79

153 525 306 582 todisima
323 527 545 586 adulteriorum
563 529 678 586 lieentia
698 541 728 586 et
746 527 925 586 consuetudo
942 527 1054 585 Urbem
1071 527 1236 587 invaserat:

152 637 251 695 magua
271 631 337 676 erat
353 621 387 676 in
403 622 523 679 lerninis
538 641 653 678 morum
676 622 819 697 pravitas3
836 621 887 677 sed
909 621 993 677 etiam
1011 621 1043 676 in
1057 621 1127 676 viris
1144 622 1238 695 major

152 725 179 770 et
189 713 383 770 effrenatior:
399 726 513 790 quanto
525 715 614 790 igitur
624 714 795 771 invidiosius
806 733 836 770 se
846 713 984 770 efferebat
994 724 1131 789 proterva
1141 715 1237 771 istius-

152 807 230 862 modi
248 808 402 864 simulatio
420 809 636 864 accusatorum!
650 808 722 864 Illuc
738 807 860 864 redeunt
877 809 959 882 plura
973 807 1065 864 satirae
1081 807 1158 878 loca,
1174 827 1236 882 qnae
1310 849 1312 856 .

153 901 326 958 sententiam
337 901 463 970 habent,
479 912 530 957 aut
540 901 706 968 obscuram,
719 909 769 954 aut
779 901 960 976 ambiguam,
977 901 1032 958 nisi
1044 901 1081 958 ad
1092 903 1176 957 talem
1190 920 1237 957 re·
1324 967 1326 971 ¹

155 1011 217 1048 rum
230 994 362 1067 meiero
378 1005 512 1070 accepta,
527 1011 711 1067 quorumque
722 992 766 1048 vis
782 993 875 1048 omnis
890 994 943 1050 sita
962 994 1045 1050 estin
1056 994 1237 1052 simulatione

153 1087 250 1142 vultus
279 1087 431 1157 Censorii,
451 1087 490 1143 ad
513 1086 694 1161 imperatoris
720 1087 885 1160 exemplum
906 1085 963 1141 isto
986 1097 1118 1160 ternpore
1137 1089 1238 1144 Rornae

155 1180 278 1254 vulgata.
302 1180 352 1236 Sic
369 1181 466 1236 statim
482 1180 567 1236 initio
587 1180 679 1236 satirae
696 1197 725 1233 v.
744 1197 778 1249 a,
795 1179 906 1253 quotus
922 1180 1037 1253 aliquid
1055 1179 1093 1234 de
1112 1181 1238 1236 moribus

156 1272 284 1339 audent,
304 1272 336 1325 h.
360 1289 403 1340 e.,
429 1271 466 1328 de
489 1289 605 1328 morum
625 1269 821 1339 correctione3
839 1268 943 1326 deinde
967 1288 996 1324 v.
1022 1278 1076 1340 to,
1097 1273 1238 1328 Tertinre

156 1365 227 1417 coelo
238 1365 348 1418 cecidit
358 1363 431 1419 Cato
438 1386 449 1433 ,·
461 1385 490 1419 r.
502 1365 557 1434 63,
568 1374 662 1419 verat
673 1380 794 1417 censura
807 1362 973 1430 columba„
988 1381 1015 1440 r.
1034 1379 1104 1432 121,
1118 1381 1237 1420 censore

156 1471 226 1526 opas
246 1465 306 1522 est,
321 1473 362 1509 on
381 1457 516 1530 aruspice
532 1455 641 1510 nobis?
652 1455 688 1508 ln
701 1446 998 1527 quibus‘locis'verba
1012 1453 1072 1528 ipsa
1087 1473 1147 1511 rem
1162 1455 1237 1512 clare

157 1543 303 1614 indicant,
328 1565 415 1620 quam
439 1545 487 1602 hic
508 1545 631 1620 intelligi
654 1544 798 1601 volumus.
821 1547 922 1619 ltaque
945 1555 1039 1601 toturn
1060 1563 1174 1602 carmen
1196 1557 1238 1602 est

158 1635 281 1692 anctum
290 1637 477 1694 acerbissimo
486 1655 570 1694 sensu
578 1648 670 1711 poetae
679 1636 882 1693 stomachantis
891 1636 1020 1693 odiosam
1028 1635 1238 1695 affectationem

157 1729 316 1786 sanctitatis
332 1741 362 1786 et
380 1731 545 1806 gravitatis,
561 1749 617 1804 qua
631 1729 679 1784 illa
696 1739 778 1786 aetate
794 1739 822 1784 et
836 1729 896 1803 ipse
910 1730 1047 1804 Princeps
1062 1729 1193 1800 furebat,
1208 1742 1237 1788 et

158 1819 293 1876 furebant
308 1821 394 1876 multi
414 1823 480 1892 alii,
498 1821 600 1878 caelesti
622 1822 755 1896 exemplo
772 1821 850 1877 vitiis
863 1823 1016 1896 specieque
1033 1821 1178 1878 simillimi.
1196 1855 1237 1866 -—

160 1915 242 1970 Nunc
258 1931 332 1971 vero
348 1916 456 1971 horum
474 1916 605 1990 ipsorum
621 1931 727 1972 severe
745 1914 814 1990 legis
831 1915 1075 1988 proclamatorum
1095 1915 1236 1972 rationem

161 2024 271 2061 necesse
285 2017 329 2062 est
346 2007 456 2063 intueri
473 2009 559 2081 paulo
577 2007 689 2076 acrius,
704 2015 738 2060 ut
754 2007 838 2079 plane
853 2017 1002 2081 appareat,
1022 2007 1087 2062 illos
1105 2006 1235 2064 homines

160 2115 216 2152 csse
231 2097 338 2154 illustri
352 2099 420 2153 loco
434 2108 532 2168 natos,
544 2107 629 2171 atque
642 2097 806 2170 primorum
818 2097 848 2152 in
860 2098 974 2154 civitate
988 2098 1141 2168 ordinum;
1155 2117 1237 2154 sena-

160 2199 235 2244 tores
255 2199 284 2244 et
303 2189 452 2262 quoslibet
469 2189 603 2246 nobiles:
625 2191 723 2264 quales
740 2190 861 2265 perditis
878 2189 1040 2265 quibusque
1059 2193 1237 2265 temporibus

160 2279 243 2352 primi
257 2280 320 2336 iere
335 2282 462 2338 existere
476 2283 570 2338 solent
582 2285 715 2337 auctores
734 2282 906 2355 corruptelae
923 2301 955 2337 ac
973 2280 1181 2355 turpitudinis,
1201 2283 1237 2338 ab

160 2373 223 2446 ipsis
237 2373 344 2430 demde
359 2374 398 2431 ad
411 2375 517 2450 vulgus
531 2373 690 2443 manantis3
708 2373 790 2448 quod
805 2373 952 2429 luvenalis
969 2374 1030 2447 ipse
1049 2373 1136 2444 dicit,
1151 2375 1237 2430 nirni-

161 2483 223 2521 rnm
235 2467 357 2523 edoctus
369 2466 568 2541 experientia,
582 2485 611 2521 v.
629 2467 665 2534 78
681 2486 688 2520 :

536 2613 570 2626 ...
582 2581 666 2626 betis
678 2581 739 2627 hanc
751 2581 862 2642 contagio
875 2581 953 2627 labem

393 2657 423 2702 Et
435 2655 503 2700 dabit
515 2655 540 2700 in
552 2657 647 2716 plures.
658 2689 663 2700 .
674 2688 695 2702 ..

160 2742 277 2799 Nobiles
283 2743 490 2799 tantummodo
498 2755 657 2820 agnoscunt
665 2743 784 2816 inparte
793 2741 927 2798 carminis
937 2752 1074 2812 extrema,
1082 2743 1134 2798 ubi
1144 2761 1239 2800 errare

162 2833 298 2892 nbnirnm
312 2853 400 2891 nemo
412 2847 526 2910 potest,
544 2837 612 2894 iude
623 2857 640 2892 a
649 2857 678 2892 v.
694 2836 759 2902 143.
773 2836 966 2910 ceteroquin,
980 2854 1012 2890 re
1023 2834 1169 2911 ignorata,
1181 2856 1240 2893 non

161 2929 256 3004 potnit
273 2939 354 2985 recta
373 2946 433 2984 esse
451 2929 663 3004 interpretatio.
681 2919 723 2983 lta
736 2929 854 2984 Sextum
864 2945 892 2981 v.
907 2944 960 2995 or,
976 2927 1105 2983 Stoicum
1114 2937 1216 3001 putant
1232 2951 1237 2983 :

161 3021 228 3090 ubi,
241 3021 324 3094 quod
337 3020 422 3076 unice
433 3033 603 3092 veruinast,
615 3031 757 3077 monstrat
769 3020 853 3075 docta
865 3019 991 3075 brevitas
1000 3019 1106 3075 veteris
1114 3021 1215 3077 scholii
1229 3041 1236 3074 s

161 3114 264 3180 Sexte,
279 3115 412 3168 Senator.
429 3115 500 3168 Mox
514 3132 542 3168 v.
560 3115 596 3184 67
610 3125 638 3169 et
652 3114 704 3183 78,
716 3112 890 3181 nescientes,
904 3111 975 3186 quid
988 3112 1092 3167 iaciant
1109 3114 1236 3182 Cretico,

160 3216 310 3278 postremo
319 3204 432 3277 judices
443 3204 566 3281 intelligi
573 3205 678 3279 jubent
683 3225 692 3275 ;
703 3221 876 3278 quamquam
889 3206 946 3260 hoc
956 3206 1002 3261 vel
1014 3217 1169 3280 propterea
1182 3207 1237 3261 fal-

160 3298 303 3354 sissimum
311 3309 368 3368 est,
376 3297 457 3372 quod
464 3297 541 3355 idem
552 3299 681 3356 Creticus
690 3298 791 3354 eodem
802 3300 833 3352 in
842 3316 928 3354 versu
933 3317 1073 3372 perorare
1082 3299 1237 3367 dicitur,‘et

160 3393 247 3466 paulo
257 3403 325 3465 post
333 3411 360 3446 v.
372 3409 405 3461 71
415 3434 423 3460 ‚
433 3409 531 3466 ogere,
539 3403 626 3466 atque
635 3392 729 3447 eidem
737 3392 823 3448 etiam
829 3410 858 3446 v.
870 3391 921 3462 75,
933 3393 969 3461 76
977 3392 1086 3464 ,juder
1094 3407 1159 3448 nrm
1169 3405 1238 3448 teste

160 3485 330 3559 opponitur.
345 3485 382 3539 Et
394 3484 450 3540 hoc
465 3503 582 3559 quoque
595 3485 625 3539 in
643 3486 709 3540 loco
722 3503 825 3540 verum
836 3484 965 3540 continet
983 3497 1065 3541 vetus
1079 3487 1236 3542 scholium:

163 3599 174 3622 ι
188 3575 298 3631 Crctr'ce
310 3597 317 3631 :
331 3576 389 3631 hoc
403 3575 521 3632 nomine
531 3579 578 3632 vel
592 3577 751 3651 quemlibet
762 3577 889 3633 nobilem
901 3577 1056 3652 significat,
1071 3581 1117 3635 vel
1127 3579 1237 3634 iulium

162 3668 327 3739 Creticum,
340 3669 390 3742 qui
406 3669 461 3725 sub
478 3671 561 3725 Caess.
573 3669 693 3726 illustris
708 3689 819 3727 caussas
835 3669 903 3746 egit.
916 3671 1019 3728 »Illud
1035 3671 1116 3745 prius
1134 3682 1235 3728 tenen=

162 3760 232 3816 dum
246 3779 308 3817 esse
320 3761 468 3836 docetipse
480 3762 626 3818 luvenalis
636 3762 742 3818 iterum
754 3763 849 3836 posito
861 3762 978 3818 nomine
988 3765 1071 3834 Vlll,
1088 3765 1142 3832 38,
1156 3781 1194 3817 ne
1207 3776 1235 3817 tu

162 3855 202 3908 sis
217 3855 361 3922 Creticus,
380 3865 436 3908 aut
453 3853 643 3910 Cernerinns:
661 3866 689 3910 et
702 3855 743 3909 ibi
760 3873 858 3910 narsus
871 3855 1012 3912 scholium
1026 3857 1099 3910 bene
1115 3877 1122 3911 :
1140 3856 1188 3910 Ne
1198 3856 1239 3910 st's

162 3956 275 3999 tanum
288 3945 456 4000 nominibus
468 3947 584 4001 nobilis.
597 3949 660 4002 Jam
675 3948 790 4003 demum
807 3947 843 4002 de
859 3947 1040 4021 philosophis
1054 3947 1110 4003 erit
1124 3949 1237 4022 perspi-

162 4055 263 4097 cuam.
285 4038 370 4111 quale
388 4055 481 4112 genus
498 4043 591 4110 po'etae
611 4039 647 4094 sit
665 4040 858 4094 obversatum.
879 4041 921 4094 Ut
937 4038 1050 4094 Stoicus
1072 4059 1133 4096 non
1151 4051 1192 4096 est
1210 4041 1235 4096 is

162 4127 212 4200 qui
233 4131 340 4185 Sextus
358 4127 528 4184 nominatur
544 4149 572 4184 v.
595 4148 627 4186 21
642 4171 650 4202 ,
674 4129 713 4186 ita
734 4133 794 4186 haee
812 4142 872 4188 tota
888 4149 953 4204 pars
970 4131 1060 4188 satira
1075 4151 1102 4187 v.
1124 4134 1236 4200 ι-65,
