3134 4990
497 489 686 555 sirmi
708 463 947 554 snr'rrnl.
1169 478 1256 550 ’555

186 603 406 693 Anchemoli3
420 604 525 690 dicat,
540 619 624 700 quot
634 605 775 674 Acestes
789 603 912 672 vixerit
924 626 1047 687 annos,
1208 609 1257 663 235

187 712 285 801 Quot
299 712 433 784 Siculus
448 713 638 806 Phrygibus
651 713 722 782 vini
739 713 916 782 donaverit
929 735 1040 780 urnas.

187 825 337 919 Exigite,
354 840 393 893 ut
408 849 520 894 mores
538 841 672 894 teneros
692 848 755 894 ceu
773 823 895 919 pollice
913 823 1029 909 ducat,

187 945 239 1012 Ut
253 945 281 1012 si
297 945 370 1038 quis
386 969 464 1016 cera
478 944 610 1013 vultum
625 943 721 1012 lacit:
739 945 882 1038 exigite,
896 959 935 1012 ut
948 945 993 1014 sit

188 1057 235 1122 Et
247 1070 343 1148 pater
360 1055 463 1150 ipsius
477 1070 598 1142 coetus,
614 1079 657 1122 ne
671 1055 784 1149 turpia
799 1052 934 1142 ludant,

189 1164 243 1231 Ne
260 1161 384 1232 faciant
398 1163 538 1234 ¹vicibus.
557 1165 637 1234 Non
653 1178 703 1231 est
717 1162 805 1249 leve,
823 1177 874 1230 tot
888 1181 1073 1255 puerorum
1208 1171 1259 1228 ²40

190 1270 380 1339 Observare
394 1296 529 1358 manus,
547 1271 730 1366 oculosque
744 1271 781 1340 in
798 1271 866 1340 fine
880 1283 1076 1339 trementes.

189 1381 287 1462 Haec,
303 1379 433 1475 inquit,
451 1406 564 1468 cures,
581 1397 635 1468 et,
650 1406 756 1476 quum
771 1405 808 1450 se
823 1380 966 1448 verterit
980 1401 1104 1460 annus,

189 1489 333 1583 Accipe,
346 1489 467 1559 victori
483 1488 629 1584 populus
641 1488 733 1584 quod
746 1487 910 1586 postulet,
926 1511 1057 1556 aurum.

189 1677 348 1738 discedenti
358 1697 374 1736 e
385 1679 481 1738 Sicilie
492 1679 614 1737 dederit
630 1679 747 1756 Exigite
756 1690 911 1754 preterea,
926 1688 959 1735 ut
970 1689 1085 1734 teneros
1095 1673 1262 1731 odolescen-

190 1780 254 1827 tum
265 1790 362 1829 mores
370 1770 410 1828 nic
419 1772 593 1842 informent,
603 1772 686 1846 quasi
696 1772 721 1828 si
731 1772 795 1846 quis
807 1773 953 1828 vesculum
965 1790 1000 1827 ex
1012 1768 1128 1844 argilla,
1140 1766 1186 1822 vel
1196 1761 1260 1821 etfl-

190 1864 267 1938 giem
280 1883 296 1942 e
310 1863 390 1921 molli
401 1883 467 1920 cere
479 1863 616 1939 fingeret:
629 1873 663 1921 ut
673 1882 780 1937 pueros
793 1875 913 1940 paterna
927 1863 1044 1919 caritate
1061 1849 1259 1933 complecten-

190 1967 248 2030 tur,
261 1969 294 2015 nt
307 1957 462 2014 observent
473 1975 510 2014 ne
523 1956 594 2033 quid
606 1957 684 2014 inter
694 1955 855 2012 ludendum
867 1965 971 2013 contre
982 1951 1153 2010 modestiam
1165 1963 1195 2008 et
1204 1968 1260 2025 pu·

192 2047 294 2105 dorem
305 2059 441 2126 peccent,
454 2067 492 2106 ne
501 2049 573 2124 quid
584 2051 712 2126 turpiter
721 2060 823 2125 agant,
837 2059 888 2106 eut
897 2033 1178 2124 petientnrelternis.
1190 2043 1260 2100 Non

191 2141 275 2199 facile
287 2154 331 2199 est
341 2141 498 2200 observare
513 2153 557 2200 tot
569 2161 730 2219 puerorum
741 2161 842 2202 menes
849 2182 859 2212 ,
871 2160 910 2199 ne
925 2139 1077 2200 libidinem
1087 2133 1259 2205 exerceant,

192 2245 222 2292 et
234 2236 335 2292 oculos
350 2236 404 2310 qui
420 2237 533 2311 explete
548 2235 670 2292 libidine
689 2234 803 2294 reducti
822 2233 949 2290 molliter
967 2241 1105 2288 tremunt.
1128 2231 1186 2287 Fnc
1204 2227 1260 2284 iste

190 2328 346 2403 diligenter
363 2345 519 2404 procures,
537 2329 578 2384 ait
590 2329 729 2402 magistro
744 2345 850 2403 parens
868 2326 966 2402 pueri;
987 2342 1064 2380 anno
1084 2333 1186 2379 exacto
1204 2320 1260 2378 tibi

192 2421 311 2478 denitur
323 2421 457 2496 pecunie
470 2439 597 2493 summe,
617 2422 732 2495 qualem
747 2421 873 2494 populus
892 2417 1014 2493 colligit,
1033 2427 1062 2472 et
1076 2414 1181 2472 victori
1197 2413 1259 2489 gle-

191 2511 299 2569 dictori
306 2513 490 2586 donandam,
505 2513 543 2570 nb
552 2513 588 2571 iis
597 2512 649 2588 qui
658 2512 734 2569 ludis
745 2511 921 2588 gladiatoriis
935 2511 1095 2580 intersunt,
1107 2507 1243 2584 postulat.
