3130 4986
350 453 408 516 162
617 450 658 513 D.
685 447 822 512 JUNII
847 445 1129 512 JUVENALIS

343 563 518 650 Candelae,
537 563 632 656 cujus
652 561 810 655 dispenso
829 576 865 630 et
879 576 1032 656 tempero
1049 561 1162 646 iilum,

344 675 548 744 Contemnit.
566 673 699 740 Miserae
715 695 880 766 cognosce
897 673 1058 766 prooemia
1075 673 1172 757 rixae,

342 785 377 851 Si
393 784 461 851 rixa
477 797 546 864 est,
565 781 623 848 ubi
642 795 678 847 tu
694 779 822 874 pulsas,
841 804 904 874 ego
922 779 1043 874 vapulo
1063 795 1203 850 tantum.

341 894 414 960 Stat
429 907 564 975 contra,
582 891 727 984 starique
744 891 860 982 jubet;
878 915 998 985 parere
1014 915 1149 960 necesse
1166 905 1227 960 est.
1353 923 1404 971 ,ρο

341 1003 427 1070 Nam
446 999 528 1094 quid
544 1023 640 1093 agas,
658 1023 763 1092 quum
779 1014 811 1067 te
830 999 974 1070 furiosus
994 1015 1110 1096 cogat,
1128 1015 1163 1070 et
1178 998 1268 1068 idern

340 1109 496 1180 Fortior?
511 1107 612 1178 Unde
627 1107 748 1176 venis?
763 1109 926 1178 exclamat
941 1135 948 1177 ε
970 1110 1065 1202 cujus
1081 1124 1197 1195 aceto,

338 1220 443 1311 Cujus
460 1211 589 1286 conche
609 1215 743 1284 tumes?
758 1217 832 1310 quis
848 1232 960 1286 tecum
978 1216 1091 1286 sectile
1109 1241 1247 1312 porrum

337 1331 452 1412 Sutor,
469 1342 505 1395 et
522 1325 598 1394 elixi
617 1327 766 1394 vervecis
783 1325 875 1394 labra
891 1325 1062 1396 comedit?

336 1436 393 1507 Nil
409 1437 495 1504 mihi
515 1433 718 1529 respondes?
734 1437 803 1504 Aut
818 1435 892 1520 dic,
911 1449 969 1502 aut
984 1434 1098 1528 accipe
1116 1433 1252 1504 calcem.
1353 1451 1402 1515 ²95

334 1546 426 1632 Ede,
444 1546 502 1614 ubi
521 1544 700 1630 consistas,
718 1544 754 1612 in
769 1569 835 1638 qua
851 1560 885 1612 te
902 1568 1017 1639 quaero
1032 1544 1242 1639 proseucha?

333 1657 457 1724 Dicere
475 1655 502 1722 si
522 1667 630 1722 tentes
646 1652 789 1747 aliquid,
807 1654 972 1723 tacitusve
992 1653 1149 1739 recedas,

331 1761 555 1832 Tantumdem
570 1777 639 1848 est;
656 1761 784 1832 feriunt
801 1763 954 1857 pariter:
972 1762 1164 1831 vadimonia
1179 1762 1300 1831 deinde

331 1873 414 1940 Irati
432 1872 571 1940 iaciunt.
590 1870 745 1942 Libertas
762 1872 920 1967 pauperis
938 1872 1010 1941 haec
1027 1885 1101 1939 est:

332 1980 484 2050 Pulsatus
502 1994 615 2075 rogat,
631 1995 666 2048 et
686 1981 808 2075 pugnis
825 1981 977 2049 concisus
993 1979 1127 2064 adorat,
1347 1995 1401 2047 300

327 2093 379 2160 Ut
396 2090 493 2158 liceat
509 2089 625 2184 paucis
642 2087 895 2158 cum'dentibus
912 2091 991 2158 inde
1008 2089 1142 2158 reverti.

379 2200 481 2268 «Nec
497 2213 610 2267 tamen
626 2198 698 2266 haec
715 2213 846 2266 tantum
861 2213 989 2267 metuas
1007 2225 1015 2266 τ
1034 2223 1129 2285 nam,
1143 2200 1202 2292 qui
1215 2197 1337 2292 spoliet
1350 2213 1403 2274 te,

334 2313 412 2380 Non
430 2307 555 2392 deerit,
573 2306 691 2376 clausis
705 2307 859 2376 domibus
874 2323 1052 2401 postquam
1068 2308 1179 2376 omnis
1198 2307 1321 2400 ubique

333 2420 411 2486 Fixa
427 2431 587 2486 catenatae
603 2416 694 2485 siluit
711 2441 875 2510 compago
894 2415 1053 2485 tabernae.

331 2618 363 2653 nc
377 2597 495 2670 impune
506 2595 625 2652 invadit.
642 2598 747 2669 Opere
764 2595 889 2670 pretium
906 2607 949 2652 est
964 2615 1137 2672 cognoscere
1153 2595 1294 2671 principia
1312 2594 1402 2652 tristis

329 2685 472 2760 ejusmodi
488 2685 727 2755 concertationis,
746 2685 770 2741 si
787 2687 963 2744 concertatio
978 2698 1074 2744 tamen
1089 2688 1226 2762 appellari
1241 2697 1349 2761 potest,
1369 2687 1400 2743 in

333 2799 389 2854 qua
397 2795 472 2833 uuus
482 2787 593 2832 tautum
601 2775 684 2844 ierit,
695 2778 768 2832 alter
778 2786 889 2834 tantum
897 2777 1010 2835 feritur.
1022 2780 1115 2855 Igitur
1123 2778 1203 2836 eunti
1210 2779 1282 2834 mihi
1291 2779 1400 2850 obstat,

332 2889 363 2926 ac
375 2868 531 2925 consistere
542 2885 588 2922 me
598 2867 699 2940 jubet3
714 2865 987 2940 obtemperandum,
999 2869 1104 2941 velina,
1116 2870 1217 2926 nolim.
1229 2867 1311 2938 Quid
1321 2870 1399 2925 enim

330 2979 408 3036 agas,
422 2969 543 3034 cogente
553 2957 675 3027 lurioso,
684 2957 843 3032 eodemque
849 2959 985 3017 fortiori?
994 2961 1096 3018 Statim
1105 2963 1255 3031 exclamat,
1264 2981 1297 3018 ac
1306 2963 1401 3022 scisci-

332 3063 417 3119 tatur,
436 3049 515 3105 uude
525 3049 625 3106 venia?
638 3049 754 3122 quicum
764 3051 937 3123 sectarium,
949 3063 998 3108 aut
1007 3053 1148 3108 conchem
1162 3051 1329 3122 comedisti,
1343 3072 1400 3128 qua

332 3141 385 3198 tihi
394 3152 496 3196 venter
508 3151 619 3196 rantum
630 3140 741 3196 tumet?
757 3140 796 3196 ad
807 3141 888 3216 cujus
899 3143 1005 3200 sutoris
1015 3163 1142 3200 mensam
1155 3143 1329 3214 accubuisti,
1347 3146 1399 3201 ubi

331 3233 423 3290 sectili
438 3251 547 3307 porro,
565 3243 595 3288 et
612 3251 685 3306 aqua
701 3232 808 3289 incocti
822 3235 950 3291 vervecis
971 3235 1062 3309 capite
1079 3237 1221 3314 saginatus
1239 3236 1289 3292 es?
1303 3237 1401 3294 Siler?

331 3335 380 3380 aut
399 3325 536 3398 loquere,
557 3333 607 3378 aut
625 3322 748 3380 calcibus
766 3327 885 3399 vapula,
908 3327 1032 3384 furcifer.
1051 3329 1142 3384 Narra
1156 3329 1208 3383 ubi
1225 3328 1351 3400 habites,
1366 3331 1398 3386 in

331 3433 387 3488 qua
403 3425 432 3470 te
445 3413 613 3470 Judseorum
629 3431 773 3489 synagoga
790 3415 956 3490 requiram?
972 3417 1040 3472 Haec
1053 3417 1110 3474 ille.
1125 3419 1156 3476 Si
1170 3428 1273 3474 contra
1288 3418 1398 3477 hiscere

330 3505 444 3564 coneris
454 3506 579 3582 aliquid,
592 3516 642 3560 aut
655 3505 726 3562 nihil
743 3508 911 3580 prolocutus
921 3508 1070 3580 abscedas,
1090 3509 1211 3584 perinde
1227 3519 1286 3580 eat,
1305 3511 1398 3568 nihilo

331 3601 421 3657 secius
432 3600 601 3668 verberant3
619 3608 681 3654 tum
698 3599 741 3654 ira
753 3599 865 3656 ellerati
880 3599 1077 3656 vadimonium
1095 3600 1147 3656 tibi
1159 3600 1338 3657 denuntiant.
1355 3604 1398 3658 lta

330 3689 446 3746 demum
457 3688 549 3745 libere
559 3688 639 3744 ahira
648 3689 826 3763 permittitur
837 3707 958 3764 pauper;
971 3702 1036 3764 post
1047 3692 1136 3748 multa
1144 3691 1264 3748 verbera
1276 3695 1396 3767 supplex

330 3780 442 3836 renum
454 3798 488 3835 ac
498 3797 597 3854 pacem
608 3790 683 3849 orat,
700 3780 861 3856 pugnisque
873 3791 1008 3838 contusus
1018 3782 1166 3852 obsecrat,
1182 3793 1216 3836 ut
1226 3780 1282 3838 sibi
1292 3801 1397 3840 conce-

329 3868 540 3938 datur,amiasis
548 3869 682 3926 dentibus
695 3870 727 3927 iu
737 3871 790 3926 bac
801 3872 956 3930 miserabili
967 3872 1029 3928 rixa
1039 3891 1100 3929 non
1110 3873 1207 3948 paucis
1215 3914 1222 3942 ‚
1231 3873 1395 3944 discedere,

326 3979 361 4017 ac
372 3962 461 4018 vitam
472 3963 607 4020 retinere.

367 4052 434 4110 dea.
456 4077 468 4104 ιι
482 4057 582 4129 Neque
599 4057 660 4112 hec
678 4065 773 4112 tamea
790 4057 928 4113 duntaxat
944 4068 1085 4124 nortuum
1096 4058 1222 4134 pericula
1240 4059 1394 4116 arumde

328 4152 411 4198 arnt:
426 4144 594 4204 timoralius
605 4147 717 4204 instate
726 4149 855 4220 iuribus,
867 4148 917 4224 qui
927 4150 983 4206 tais
995 4149 1105 4206 inhiant
1114 4149 1229 4224 spoliis,
1241 4161 1393 4224 postqum
