3122 4986
342 385 405 454 638
612 387 653 449 D.
683 383 823 450 runt!
851 385 1136 454 IUVENALIS

341 499 494 570 Dedecus
507 498 612 568 Urbis
625 499 746 568 habes:
764 525 828 570 nec
841 499 1052 572 mirmillonis
1067 503 1102 586 in
1113 504 1234 592 armis,
1359 539 1410 578 που

342 613 415 682 Nec
431 609 550 705 clypeo
566 608 770 680 Gracchum·
780 626 1006 705 pugnantem,
1020 628 1079 682 aut
1093 612 1179 684 falce
1194 615 1336 709 supina,

341 721 488 789 Damnat
501 721 591 790 euim
606 719 688 791 tales
704 720 855 806 habitum
871 722 929 790 sed
948 720 1084 794 damnat
1100 737 1134 792 et
1147 724 1239 808 odit,

342 832 417 901 Nec
435 829 527 924 galea
540 830 689 900 frontem
705 829 899 900 abscondit:
913 847 1028 902 movet
1044 857 1124 904 ecce
1139 833 1341 918 tridentem,

341 943 523 1034 Postquam
540 940 659 1010 librata
672 939 854 1033 pendentia
868 941 952 1010 retia
965 941 1081 1010 dextra

342 1050 581 1145 Nequidquam
598 1047 742 1136 effudit,
760 1049 890 1120 nudum
904 1050 947 1120 ad
963 1051 1150 1146 spectacula
1165 1052 1299 1123 vultum
1368 1068 1415 1120 ,οε

342 1161 467 1254 Erigit,
483 1176 517 1229 et
531 1175 602 1230 tota
614 1159 703 1253 fugit
715 1159 948 1253 agnoscendus
961 1185 1073 1232 arena

343 1270 528 1339 Credamus
547 1271 685 1356 tunicae,
705 1270 748 1338 de
765 1269 920 1340 faucibus
940 1293 1040 1339 aurea
1057 1295 1161 1363 quum
1174 1293 1210 1338 se

343 1381 510 1474 Porrigat,
527 1394 562 1448 et
578 1378 680 1474 longo
690 1380 838 1473 jactatam
850 1380 939 1474 spira
951 1379 1075 1473 galero.

342 1493 433 1584 Ergo
449 1489 669 1582 ignominiam
686 1488 877 1583 graviorem
896 1487 1036 1583 pertulit
1051 1491 1144 1558 omni

336 1597 492 1667 Vulnere
509 1623 587 1666 cum
604 1598 761 1667 Graccho
773 1598 887 1690 jussus
901 1623 1052 1694 pugnare
1069 1615 1214 1670 secutor.
1369 1637 1417 1670 ιω

391 1706 514 1775 Libera
528 1707 558 1774 si
574 1705 698 1776 dentur
715 1707 842 1802 populo
856 1708 1035 1803 suffragia,
1049 1709 1127 1803 quis
1142 1724 1210 1778 tam

342 1815 514 1902 Perditus,
528 1831 568 1894 ut
581 1816 712 1886 dubitet
727 1819 888 1887 Senecam
904 1814 1066 1912 praeferre
1082 1819 1233 1904 Neroni,

342 1927 447 2019 Cujus
462 1925 627 2022 supplicio
642 1952 711 1996 non
728 1927 844 1996 debuit
859 1953 929 1996 una
944 1929 1054 2022 parari

343 2035 462 2122 Simia,
479 2059 543 2103 nec
557 2059 695 2130 serpens
708 2061 814 2124 nnus,
831 2062 895 2107 nec
909 2037 1024 2106 culeus
1038 2035 1146 2105 unus?

344 2145 411 2214 Par
423 2144 721 2238 Agammenonidae
736 2147 880 2233 crimen,
897 2147 956 2216 sed
970 2172 1084 2218 caussa
1097 2145 1179 2222 facit
1193 2169 1261 2214 rem
1362 2163 1413 2216 ,ιε

269 2381 273 2388 “
344 2375 426 2447 Quid
443 2377 525 2452 quod
543 2395 588 2434 ars
604 2378 663 2452 ipsa
680 2378 849 2454 gladiatoria
864 2397 925 2435 nou
944 2378 1006 2434 sine
1024 2375 1130 2453 insigni
1146 2375 1275 2432 nominis
1293 2374 1417 2431 Romani

343 2468 487 2525 dedecore
500 2479 640 2525 tractatur
652 2469 689 2524 ab
700 2468 802 2526 iisdem
813 2469 959 2526 nobilibus
970 2469 1107 2526 Romanis
1117 2467 1130 2522 Ρ
1141 2467 1246 2524 Prodit
1260 2467 1291 2522 in
1303 2485 1416 2524 arenam

344 2559 493 2616 Gracchus
505 2579 566 2616 non
578 2560 613 2616 iis
627 2571 718 2617 tectus
730 2562 833 2633 armis,
846 2563 951 2638 quihus
968 2562 1158 2618 mirmillones
1175 2570 1317 2631 utuntur,
1334 2561 1416 2617 ride-

342 2649 412 2708 licet
424 2669 540 2726 parma,
554 2671 679 2708 recurvo
692 2671 774 2724 ense,
791 2655 888 2730 galea;
902 2654 1036 2729 displicet
1047 2653 1123 2710 euim
1135 2652 1189 2726 ipsi
1201 2663 1355 2726 apparatus
1366 2653 1416 2707 iste

342 2755 372 2801 et
381 2755 527 2801 armatura
534 2765 543 2814 ;
554 2745 629 2802 hanc
641 2745 718 2817 odit,
734 2757 763 2804 et
774 2747 892 2803 minime
906 2746 1030 2804 bellator
1042 2755 1127 2819 caput
1137 2763 1198 2800 non
1210 2743 1320 2800 casside
1331 2743 1414 2818 tegit,

342 2835 394 2892 sed
405 2835 467 2892 solo
481 2834 638 2892 instructus
651 2848 695 2893 est
708 2836 834 2894 tridente
851 2857 883 2893 ac
897 2837 1036 2906 reticulo;
1056 2834 1138 2910 qnod
1155 2833 1208 2890 ubi
1224 2833 1330 2890 frustra
1345 2851 1416 2908 pro-

343 2927 439 2984 tendit
447 2927 655 3004 explicuitque,
667 2940 700 2986 ut
709 2929 906 2986 adversarium
920 2928 1192 3004 comprehenderet,
1205 2925 1322 2983 detecto
1335 2927 1416 2982 vultu

306 3022 307 3030 ’
341 3018 439 3096 fugam
450 3021 570 3096 arripit,
582 3032 673 3078 etore
684 3022 873 3091 subnectunt
885 3020 967 3078 facile
977 3023 1094 3098 agnosci
1105 3039 1120 3076 a
1130 3018 1343 3095 spectatoribus
1352 3037 1416 3094 pos·

342 3111 392 3181 sit,
412 3130 527 3169 caveam
539 3132 654 3169 omnem
666 3113 856 3188 perambulat.
868 3115 975 3170 Demus
991 3115 1088 3170 locum
1104 3112 1227 3188 fugienti
1240 3111 1345 3182 nobili,
1360 3113 1418 3168 cle-

342 3214 423 3259 mant
441 3223 556 3275 omnes,
575 3224 666 3280 quum
684 3215 866 3282 agnoverunt
877 3205 965 3280 ipsius
979 3205 1119 3274 tunicam,
1136 3223 1169 3260 ac
1186 3203 1345 3260 funiculum
1358 3221 1416 3257 an-

343 3295 1415 3376 renm,dcfaucihusporrectum‚etlongovoluminependentemegalero:
1505 3364 1508 3370 Ι
1548 3363 1549 3366 ¹

343 3388 446 3445 madet
454 3407 521 3447 sane
533 3389 694 3461 incolumis,
707 3409 767 3447 non
776 3391 838 3448 sine
848 3391 952 3448 dolore
959 3401 1045 3465 atque
1055 3389 1213 3467 ignominia
1223 3387 1415 3458 mirmillonis,

343 3479 408 3554 qui,
419 3491 533 3538 coactus
542 3501 608 3537 cum
618 3482 749 3539 Graccho
759 3501 903 3560 pugnare,
914 3482 994 3540 videt
1005 3483 1087 3538 illurn
1096 3481 1151 3538 sihi
1161 3481 1250 3555 eripi,
1260 3480 1415 3553 malletque

343 3572 540 3647 gravissimam
556 3574 714 3648 quamlibet
726 3576 853 3651 plagam,
870 3593 956 3648 quam
966 3575 1023 3631 hoc
1034 3574 1172 3643 dedecus,
1184 3573 1334 3647 accepisse.

383 3681 417 3720 ar
427 3683 452 3720 1.
470 3664 502 3722 Si
519 3665 605 3722 detur
617 3667 677 3722 haec
693 3667 804 3740 populo
817 3666 949 3736 facultas,
964 3677 998 3722 ut
1011 3667 1101 3742 possit
1116 3665 1187 3740 quid
1202 3665 1322 3733 sentiat,
1342 3683 1416 3738 quos

343 3755 450 3829 probet
462 3757 553 3816 libere
564 3757 688 3833 aperire,
701 3776 738 3813 an
749 3758 805 3815 erit
818 3758 968 3834 qnisquam
979 3759 1053 3816 adeo
1065 3759 1217 3826 scelestus,
1230 3765 1265 3812 nt
1276 3757 1414 3813 Senecam

344 3847 405 3901 sine
419 3849 477 3904 ulla
496 3849 677 3906 dubitatione
692 3868 751 3905 non
766 3860 922 3923 anteponat
934 3849 1060 3919 Neroni,
1077 3849 1129 3924 qni
1149 3867 1179 3904 se
1194 3857 1239 3902 tot
1252 3845 1414 3921 parricidiis

345 3935 522 4011 inquinavit,
531 3951 566 3997 ut
574 3941 610 3997 ad
620 3959 685 3997 eum
696 3939 806 3996 meritis
817 3941 998 3998 mactandum
1009 3941 1100 4016 poenis
1109 3939 1193 3996 unica
1203 3937 1300 4005 simia,
1313 3937 1415 4012 anguis

345 4026 446 4084 unicus
465 4043 494 4086 et
514 4035 612 4090 culeus
632 4051 706 4089 unus
721 4049 782 4088 non
799 4031 980 4089 sufficerent!
998 4034 1073 4090 Sane
1091 4034 1223 4101 Orestes,
1243 4029 1357 4099 itidem,
1380 4039 1419 4083 ut

345 4119 443 4189 Nero,
459 4135 582 4179 matrem
603 4125 765 4194 interemit3
790 4123 840 4181 sed
860 4124 952 4181 simile
968 4125 1075 4180 facinus
1094 4135 1188 4178 tamen
1207 4133 1251 4177 est
1264 4121 1358 4195 dispar
1375 4120 1417 4174 ob
