3056 4984
330 410 394 492 334
473 412 576 477 vta.
599 410 732 476 tuor.
756 410 817 473 nr
839 408 949 474 Nor.
973 409 1021 474 m
1044 413 1193 478 sirm.
1212 415 1252 478 v.

363 529 430 576 Vas.
452 527 509 576 168.
525 529 582 583 Vos,
597 526 636 584 13,
651 527 691 586 ιδ,
703 526 744 585 23,
754 540 767 571 a
778 541 810 572 tu.
822 541 868 573 sec.
879 536 904 574 et
914 526 944 576 nl.
954 527 1003 576 vid.
1014 529 1152 578 Markland.
1165 531 1197 579 ad
1209 531 1268 579 Stat.
1282 547 1336 596 pag.
1345 531 1400 580 235

327 627 378 674 seq.
390 619 415 658 et
424 609 539 658 Oudend.
553 610 581 655 in
595 608 666 656 Mino.
677 607 752 656 Obss.
765 624 791 655 ιι.
802 618 861 655 ιοιιι.
873 609 913 668 X,
923 624 978 674 pag.
990 611 1048 666 465.

362 703 431 754 Nor.
451 699 508 752 168.
521 700 693 764 Minoraltz'lis,
703 717 765 752 anas
773 709 818 751 aut
827 699 936 770 gallina,
946 711 976 752 nt
984 719 1021 755 vs.
1031 701 1090 767 115,
1099 703 1149 754 nisi
1158 705 1237 754 minor
1242 715 1280 756 est
1286 721 1397 756 semesa.

327 791 398 846 Inde,
409 785 471 858 quia
484 783 604 855 speratis,
617 796 717 855 partem
731 783 850 836 ciborum
860 782 1042 838 delicatiorum
1053 784 1129 838 vobis
1138 785 1227 838 datum
1237 787 1286 850 iri,
1300 789 1397 842 moeris.

327 890 380 925 non
393 868 529 942 postulatis
535 886 627 935 ponem
635 881 765 935 paratum,
786 885 864 939 quem
879 885 983 922 sumere
995 868 1079 924 cuivis
1091 869 1167 936 licet,
1182 884 1208 924 et
1219 874 1341 933 strictura,
1353 889 1398 923 se-

327 966 414 1008 catum
428 955 472 1022 (ut
484 950 555 1024 apud
566 950 641 1024 Virg.
652 950 749 1022 Georg.
764 951 795 1012 Ι,
810 949 870 1019 3ι7,
883 950 929 1002 nbi
942 949 1003 1003 vide
1015 951 1137 1024 lique),
1150 953 1268 1024 adeoque
1279 954 1305 1004 in
1316 952 1398 1025 pleno

326 1037 451 1092 convivio
466 1033 577 1090 esuritis.
592 1035 633 1085 An
644 1051 733 1086 sensus
745 1045 783 1085 est
799 1051 807 1085 :
824 1036 924 1093 tacetis,
940 1034 1059 1106 suspensi
1076 1038 1267 1109 exspectatione
1284 1048 1310 1088 et
1329 1038 1398 1088 inter

327 1139 401 1194 spem
412 1131 578 1189 metumque,
589 1131 703 1185 paratum
715 1134 817 1189 semper
829 1127 854 1168 et
869 1116 898 1167 in
912 1129 1037 1190 promptu
1052 1117 1176 1174 habentes
1191 1139 1222 1172 ac
1237 1123 1398 1188 stringentes,

327 1202 522 1268 imminuentes,
533 1218 641 1273 punem.
653 1200 774 1252 cumillis
784 1200 849 1252 cibis
858 1199 1065 1266 comedendum,
1074 1221 1152 1274 qrsem
1162 1215 1249 1256 tamen
1258 1223 1305 1254 non
1313 1203 1399 1270 imagi·

326 1289 366 1347 tis,
376 1285 463 1350 editis,
470 1284 594 1356 quoniam
604 1283 643 1334 illi
652 1282 704 1335 cibi
715 1283 789 1335 vobis
798 1301 851 1334 non
860 1282 1026 1337 exhihentur.
1035 1286 1119 1338 -Ill.
1128 1286 1221 1340 Comes
1228 1291 1260 1338 de
1268 1288 1399 1356 Haugwm

328 1372 363 1422 itn
372 1371 526 1434 strictopane
535 1367 620 1416 tacetis
631 1365 826 1437 interpretatur,
834 1378 863 1418 ut
869 1366 902 1419 sit
909 1366 967 1420 hac
974 1368 1098 1422 sententia
1108 1382 1191 1442 poetae
1200 1390 1206 1422 :
1217 1369 1346 1442 suspensi,
1355 1367 1397 1420 re!

328 1450 411 1524 parati
429 1461 455 1502 et
470 1449 576 1506 attenti.
593 1448 665 1501 velut
682 1448 773 1501 stricto
789 1448 893 1520 gladio,
908 1464 1041 1523 sperantes
1055 1452 1128 1506 cibos
1143 1452 1307 1507 delicatiores
1322 1451 1398 1506 vobis

328 1533 419 1586 datum
431 1532 474 1584 iri.
493 1531 545 1583 En.

363 1679 430 1726 Vin.
453 1679 510 1739 169.
524 1674 624 1732 Iacetis,
638 1676 706 1735 conj.
719 1675 839 1724 Lnbinns.

362 1771 431 1824 Nos.
454 1775 566 1839 170-4.
582 1769 670 1820 Verba
685 1786 747 1821 cum
756 1767 936 1840 indignatione
945 1769 1023 1824 dicta.
1038 1775 1083 1823 Ille
1094 1771 1175 1825 Virro
1187 1775 1263 1842 sapit,
1279 1776 1399 1840 quiteria

326 1857 408 1914 utimr,
418 1866 471 1905 tam
482 1851 669 1905 contumeliose
680 1871 710 1906 ac
721 1853 834 1923 superbe
847 1864 873 1904 te
886 1864 977 1906 tractat
990 1872 997 1906 :
1014 1855 1076 1907 facit
1085 1853 1113 1908 id
1126 1855 1218 1908 merito
1228 1867 1275 1907 tuo
1285 1877 1292 1919 ;
1303 1854 1397 1926 dignus

327 1958 363 2004 es,
376 1939 422 2011 qui
437 1939 471 1990 ita
485 1937 611 1990 tracteris.
628 1938 799 2006 omnasem
811 1940 923 2006 ripales,
939 1951 974 1998 et,
988 1938 1083 2004 etiam,
1097 1941 1168 1991 deles
1176 1960 1187 1999 ,·
1200 1952 1260 2011 apta
1273 1951 1299 1991 et
1311 1939 1397 2010 gravis
1436 1934 1442 1947 “

325 2023 464 2076 sententia.

361 2169 430 2215 Vas.
448 2182 505 2228 ¹7¹·
519 2164 568 2230 Qui
571 2176 650 2230 potes,
665 2167 705 2214 16.
717 2166 755 2213 Sic
760 2177 839 2232 potes,
854 2175 896 2227 47.
909 2191 945 2204 ·-
959 2167 1067 2215 Utdrbes
1075 2168 1171 2220 emend.
1180 2169 1292 2218 Gravius
1299 2179 1396 2234 putans,

326 2249 440 2314 copulam
450 2249 482 2296 ab
493 2247 519 2296 h.
529 2248 546 2295 l.
558 2248 661 2296 alienam
670 2263 730 2295 esse.
745 2249 876 2298 Enimvero
887 2261 911 2298 et
921 2267 967 2314 pro
977 2250 1051 2298 etiam
1061 2251 1183 2315 positum,
1196 2253 1266 2300 etsie
1277 2253 1394 2300 sentemia

325 2332 451 2398 aptissima
464 2340 514 2391 est,
529 2340 601 2395 atque
614 2331 763 2396 gravissima.

359 2425 430 2479 Nor.
453 2443 518 2495 ¹71,
533 2442 590 2494 ¹7²·
602 2424 665 2477 Haec
678 2422 797 2476 referunt
810 2423 843 2477 ad
855 2424 947 2478 durem
958 2427 1131 2498 parasitorum
1143 2427 1338 2494 conditionem,
1350 2428 1394 2502 qui

324 2517 380 2558 tum
395 2504 501 2557 ridiculi
516 2495 526 2574 (
533 2497 738 2574 γελωτοποιοὶ),
752 2517 808 2556 tum
822 2504 988 2576 plagipatidas
1002 2505 1097 2558 luerint
1107 2517 1126 2558 ¹.
1143 2507 1223 2559 Color
1233 2517 1322 2559 autem
1336 2525 1394 2560 ora·

324 2589 402 2641 tionis
415 2588 512 2660 petitus
526 2607 541 2640 a
554 2588 659 2653 mimia,
679 2588 707 2639 in
723 2589 820 2659 quibus
834 2589 918 2651 servi,
940 2609 1035 2642 scurris
1054 2603 1078 2642 et
1097 2591 1227 2644 moriones
1244 2593 1271 2644 in
1291 2611 1395 2646 scenam

323 2672 516 2726 inducebantur
528 2674 631 2731 venire,
646 2690 692 2724 seu
707 2671 792 2742 capite
806 2691 870 2732 raso,
883 2683 908 2725 et
915 2677 1039 2742 pulsantes
1051 2673 1100 2725 sibi
1112 2679 1205 2740 capita,
1217 2675 1270 2729 hoc
1280 2688 1336 2741 est,
1351 2695 1395 2730 oo·

323 2757 410 2829 laphis
424 2755 609 2827 percutientes,
623 2755 782 2826 excipientes
793 2757 955 2827 turgentibus
966 2755 1040 2808 malis
1049 2756 1147 2828 alapas,
1161 2761 1301 2828 autstagn's
1312 2760 1395 2812 cesti·

322 2843 426 2914 busque
433 2859 462 2894 se
470 2839 584 2893 invicem
593 2838 731 2892 cadentes.
743 2839 820 2892 Conl.
831 2839 864 2892 ad
875 2842 901 2903 1,
913 2838 960 2904 36;
971 2840 1053 2898 Vlll,
1067 2859 1114 2908 ¹9²
1125 2863 1133 2906 3
1145 2843 1254 2913 Ziegler.
1264 2843 1299 2895 de
1307 2844 1395 2898 mimis

323 2928 401 2979 Rom.
414 2945 440 2997 p.
453 2924 498 2990 30,
512 2923 560 2990 313
575 2935 600 2976 et
617 2924 718 2975 Fet-rar.
735 2923 818 2976 Elect.
836 2923 881 2987 II,
901 2923 942 2975 13.
956 2955 991 2964 -
1004 2925 1053 2978 llio
1061 2927 1226 2980 Britannicus
1239 2940 1265 2980 et
1278 2928 1323 2980 alii
1335 2930 1394 3001 qui·

323 3007 399 3074 dam,
412 3007 509 3059 mirum
520 3005 548 3057 in
559 3023 674 3072 errorem
688 3005 769 3076 lapsi,
789 3017 882 3076 putant
899 3005 943 3057 hic
960 3004 1089 3078 designari
1106 3007 1214 3060 modum
1232 3029 1287 3080 quo
1302 3011 1363 3082 quis
1380 3031 1393 3063 a

322 3103 434 3162 pretore
445 3089 513 3141 liber
522 3107 571 3159 per
581 3087 726 3140 vindictam
739 3088 786 3152 fit3
801 3088 872 3160 quod
882 3090 939 3142 scil.
950 3089 969 3140 ii
978 3091 1024 3161 qui
1034 3109 1064 3141 ex
1074 3092 1199 3144 servitute
1208 3092 1235 3144 in
1247 3093 1393 3147 libertatem

322 3174 494 3236 vocabantur,
506 3191 565 3224 raso
575 3171 660 3243 capite
672 3169 705 3224 ad
714 3181 851 3242 praetorem
861 3172 941 3236 irent,
954 3174 999 3246 qui
1011 3192 1101 3226 eorum
1112 3185 1190 3246 caput
1200 3177 1241 3228 his
1251 3189 1325 3238 terve
1336 3199 1394 3250 per·

323 3266 440 3318 sisteret,
456 3255 500 3307 vel
516 3273 565 3326 per
579 3253 699 3306 lictorem
714 3254 814 3324 percuti
829 3255 948 3326 juberet,
964 3255 1059 3310 deinde
1070 3257 1172 3329 virgula
1190 3261 1201 3327 (
1207 3279 1266 3330 quse
1282 3264 1395 3313 arindieta

324 3339 413 3408 est)in
423 3356 466 3392 eos
474 3340 558 3410 jacta,
569 3337 632 3389 elata
643 3355 708 3390 voce
718 3331 838 3390 servituti
847 3338 971 3392 eximeret
983 3357 989 3392 :
1004 3339 1050 3392 sed
1062 3341 1127 3392 illud
1136 3359 1213 3394 omne
1222 3355 1313 3396 contra
1324 3363 1395 3398 men·

323 3435 376 3476 tem
389 3432 472 3494 poetae
486 3433 540 3486 est,
554 3439 637 3492 quum
650 3421 733 3472 immo
746 3419 834 3474 dicat:
850 3440 898 3492 per
907 3420 1021 3475 dedecus
1033 3436 1058 3475 et
1069 3425 1283 3479 contumeliosam
1295 3427 1393 3481 irrisio·

323 3524 383 3559 nem
400 3505 482 3559 tonsis
497 3503 615 3575 capillis,
635 3504 663 3555 in
675 3503 768 3556 duram
781 3504 932 3557 servitutem
943 3505 1078 3576 redigeris,
1092 3507 1174 3578 plagis
1188 3509 1393 3582 verberibusque

322 3589 472 3660 subjectus,
491 3598 518 3640 et
535 3585 676 3658 aliquando
693 3590 741 3657 (ut
750 3588 786 3640 ait
796 3589 856 3641 Vct„
867 3587 975 3658 Schol.)
987 3591 1074 3662 alapas
1084 3591 1214 3663 accipies3
1233 3594 1311 3646 etiam
1327 3594 1391 3646 fuste

323 3683 401 3743 caput
416 3669 572 3743 pulsabitur.
590 3669 643 3722 En.

744 3771 975 3790 mmmm

360 3876 368 3900 ¹
387 3869 459 3920 Coni.
476 3871 573 3919 Terent
592 3867 656 3915 uun.
675 3869 715 3930 ll,
737 3885 767 3930 a,
785 3870 832 3929 133
851 3869 927 3920 Plaut
939 3870 1007 3935 Capt
1020 3873 1044 3932 l,
1059 3889 1081 3931 1,
1092 3888 1139 3934 ao,
1151 3870 1236 3939 ibique
1245 3876 1338 3931 usura

556 4125 1156 4164 ψ
