3122 4986
348 375 412 441 658
506 370 676 440 VARIAE
698 367 989 434 LECTIONES
1013 367 1076 434 ET
1100 367 1252 433 NO'rAE

347 487 478 542 cntionem
489 485 610 549 deflecti,
621 501 701 557 quam
713 499 784 536 nunc
794 493 883 535 tuetur
892 481 1023 552 inliugua
1034 480 1138 534 franco·
1142 479 1250 550 gallica.
1257 479 1324 550 Ejus
1331 487 1407 548 gene·

346 572 383 624 ris
393 581 456 626 sunt
466 571 541 624 bec:
555 571 712 632 renunciate,
721 569 889 638 privilegium,
896 569 1023 633 publicare
1028 586 1040 626 ς
1051 583 1111 636 quse
1125 565 1206 637 plane
1219 563 1320 618 recenti
1330 579 1407 615 amau

346 656 473 727 leguntur
479 657 536 727 jam
547 651 622 725 apud
631 652 768 706 Senecm.
777 675 788 696 ι
799 680 834 690 -
846 653 876 700 In
887 651 946 714 illa,
956 661 1011 701 tam
1025 648 1124 720 ampla.

380 750 449 801 Noc.
469 754 502 818 74
513 766 568 820 seq.
587 747 670 800 Poeta
680 765 696 798 a
706 744 832 798 Rubellio
841 743 877 796 ad
885 743 1026 796 Ponticum
1036 741 1113 795 redit.
1122 773 1156 783 -
1166 743 1277 806 censeri,
1287 735 1408 810 judicari.

345 829 477 886 estimari.

380 1001 449 1048 Vn.
468 997 509 1060 75.
527 996 567 1045 Sic
575 1009 600 1044 tis
609 1006 648 1057 ut,
663 993 740 1060 19μί
747 995 854 1056 unilt,
872 997 911 1056 1³,
921 1011 962 1058 no,
972 1013 1017 1056 aa,
1030 993 1075 1055 nt,
1092 998 1134 1052 td.

381 1105 451 1159 Nor.
470 1101 513 1174 75.
533 1104 603 1154 Nihil
617 1099 800 1170 laudissnturoe
812 1103 855 1170 (ut
865 1104 946 1152 laudis
954 1118 1077 1168 postera,
1094 1100 1168 1174 apud
1179 1102 1275 1154 Horat·
1288 1098 1412 1160 0d.111,

347 1189 395 1253 3ο,
406 1191 437 1259 7)
448 1205 522 1256 agere
529 1223 538 1247 ,
550 1187 603 1238 hoc
614 1197 669 1248 est,
680 1184 762 1250 nihil,
773 1183 846 1255 quod
858 1183 966 1238 laudem
980 1183 1053 1256 apud
1066 1197 1185 1256 posteros
1199 1197 1301 1237 merent
1311 1195 1337 1235 et
1348 1200 1413 1236 cun·

347 1281 483 1342 sequatur.
503 1299 538 1310 —
558 1265 630 1320 Vide
648 1266 743 1320 eadem
763 1267 958 1339 elegantissime
975 1286 1132 1339 expressas
1153 1279 1272 1320 nostrate
1291 1269 1411 1331 Boileou,

349 1353 407 1407 Sat.
417 1354 453 1419 V,
468 1350 534 1406 vni
549 1367 608 1422 sqq.
619 1351 673 1403 En.

380 1453 450 1506 Nor.
470 1449 584 1522 76-78.
605 1449 737 1502 Preclara
756 1447 901 1512 sententia,
925 1447 1081 1520 gratissimis
1099 1447 1261 1518 imaginibus
1280 1465 1312 1499 ac
1329 1459 1412 1500 meta·

344 1534 439 1609 phoris
449 1548 580 1604 expressa.
590 1530 689 1584 Misera
699 1542 739 1583 est
748 1529 869 1584 conditio
878 1532 1004 1598 bominis,
1018 1551 1072 1584 non
1083 1531 1210 1604 propriis,
1221 1531 1269 1584 sed
1279 1531 1413 1601 majorum

345 1617 490 1671 virtutibus
500 1613 682 1686 laudibusque
692 1613 729 1666 ita
737 1614 887 1682 innitentis,
899 1629 943 1677 ut,
957 1615 1000 1668 his
1012 1615 1166 1678 subtractis,
1176 1613 1352 1686 imaginarius
1363 1614 1413 1665 ho·

346 1719 397 1754 nor
406 1711 478 1754 totus
490 1708 611 1759 corruat,
623 1695 707 1750 instar
717 1698 793 1763 tecti,
804 1696 892 1768 quod,
904 1699 1036 1751 columnia
1047 1697 1198 1760 subductis,
1208 1697 1366 1762 collabitur,
1374 1695 1414 1750 rel

345 1783 417 1847 vitis,
424 1799 483 1854 que
488 1780 565 1833 humi
572 1781 644 1852 jacet
652 1790 679 1833 et
687 1781 841 1846 marcescit,
850 1781 902 1834 nisi
911 1783 992 1836 ulmis
999 1795 1169 1836 sustentatur.
1180 1779 1415 1847 Quemadmodum

346 1869 437 1940 itaque
451 1877 535 1928 tecto,
548 1883 583 1918 ne
595 1863 756 1927 collabetur,
770 1864 911 1930 columnis,
923 1879 951 1919 et
961 1866 1023 1930 viti,
1038 1879 1068 1918 ut
1080 1865 1159 1918 altius
1171 1883 1199 1918 se
1212 1884 1228 1919 a
1241 1878 1313 1918 terra
1325 1865 1414 1924 tollit,

346 1948 415 2006 ulmi
427 1949 529 2011 fulcro,
541 1947 580 2001 ita
589 1945 739 2012 nobilitati,
751 1966 767 2000 a
777 1949 923 2021 majoribus
932 1949 1081 2004 hereditate
1092 1950 1209 2016 relictae,
1223 1961 1254 2002 ut
1264 1947 1414 2022 splendent,

348 2031 466 2107 propriis
477 2029 578 2083 meritis
588 2049 655 2101 opus
666 2043 714 2084 est.

384 2127 455 2180 Nor.
473 2125 516 2195 78.
535 2123 611 2178 Vites
625 2124 654 2176 in
666 2123 761 2188 Italia,
777 2126 825 2178 ubi
839 2126 946 2181 altiores
961 2140 1039 2192 sunt,
1052 2131 1133 2195 almis,
1147 2131 1191 2183 vel
1204 2128 1319 2202 platanis
1331 2142 1359 2182 et
1368 2145 1416 2200 po·

350 2210 431 2284 pulis,
442 2206 566 2280 adjungi,
575 2225 623 2260 seu
634 2207 740 2276 alligari
754 2207 888 2274 solebaut;
901 2209 974 2263 unde
988 2215 1066 2263 ulmos
1076 2230 1127 2283 pro
1137 2213 1230 2263 vitibus
1241 2211 1308 2264 dixit
1316 2213 1332 2264 J
1334 2231 1415 2264 uven.

349 2295 406 2356 vl,
420 2291 482 2356 150,
494 2301 520 2343 et
528 2291 646 2340 maritare
651 2293 755 2364 populos
764 2293 856 2341 vicibus
868 2292 963 2346 Horat.
973 2292 1061 2364 Epod.
1073 2313 1105 2358 a,
1119 2313 1166 2356 so,
1178 2308 1206 2347 et
1210 2298 1339 2363 plum
1348 2297 1416 2346 coeli·

351 2381 404 2433 bem
417 2379 566 2443 arboresque
574 2375 667 2424 uideas
678 2375 749 2442 (hoc
760 2385 815 2441 est,
828 2375 927 2447 quibus
938 2377 1019 2428 nullas
1030 2377 1097 2430 vites
1103 2379 1203 2449 juncte
1210 2418 1218 2443 ,
1226 2378 1295 2440 uth.
1305 2378 1324 2430 l.
1335 2381 1419 2430 vidue

351 2463 428 2532 almi)
439 2459 520 2520 idem,
531 2457 584 2512 Od.
595 2459 632 2524 Π,
646 2458 722 2524 1⁵‚s.
733 2471 760 2511 et
771 2459 820 2524 lv,
833 2459 859 2524 5,
869 2458 913 2526 30,
921 2459 957 2513 ad
968 2479 1027 2532 quae
1037 2463 1098 2514 loca
1105 2459 1168 2516 vide
1177 2461 1331 2516 lditscherl.
1341 2463 1418 2516 Cous.

353 2547 447 2600 Heius.
463 2543 499 2598 sd
511 2541 594 2598 Orid.
607 2542 673 2596 Met.
686 2542 766 2606 XIV,
781 2544 841 2594 666.

386 2641 475 2693 Anac.
494 2636 608 2706 79-84.
627 2636 711 2688 Poeta
719 2654 792 2689 nunc
801 2635 907 2706 egregie
917 2647 945 2688 et
954 2653 1052 2706 magno
1062 2636 1206 2690 verborum
1215 2637 1418 2692 sententiarum·

352 2740 405 2796 que
416 2719 537 2794 pondere
546 2717 638 2784 docet,
653 2737 708 2789 qua
719 2719 822 2772 ratione
831 2736 923 2772 veram
931 2718 991 2788 quis
1002 2718 1170 2772 nobilitatem
1181 2739 1213 2773 ac
1228 2721 1344 2791 gloriam
1357 2741 1418 2775 oon-

353 2803 429 2876 sequi
437 2801 629 2876 possit-Vox
641 2805 720 2852 bonus
730 2817 792 2854 cum
801 2800 829 2855 vi
837 2800 1120 2872 repetitum-Arbiter,
1131 2801 1227 2874 jude13
1241 2805 1360 2876 proprie,
1371 2805 1420 2876 qui

353 2906 409 2944 nou
420 2905 434 2940 e
445 2897 518 2940 certa
528 2883 657 2950 formula,
672 2897 703 2938 ut
709 2883 807 2958 judex,
821 2882 869 2938 sed
879 2902 911 2937 ex
927 2883 1053 2951 arbitrio,
1068 2903 1100 2938 ex
1109 2905 1185 2958 sequo
1195 2901 1223 2940 et
1234 2887 1326 2952 bono,
1344 2888 1417 2942 litem

353 2968 603 3036 dirimit—Integer,
613 2967 660 3038 qui
669 2985 754 3037 neque
763 2965 945 3040 praejudicatis
955 2965 1136 3038 opinionibus,
1146 2981 1233 3040 neque
1242 2982 1325 3034 metu,
1334 2989 1418 3042 neque

353 3051 455 3122 gratia,
470 3060 498 3102 et
507 3047 625 3120 partium
638 3046 741 3110 studio,
751 3049 837 3101 multo
848 3049 937 3102 minus
947 3049 1035 3121 pretio
1047 3048 1165 3116 ducitur,
1176 3065 1224 3104 aut
1234 3053 1351 3123 pecunie
1360 3072 1418 3106 cor·

353 3131 503 3202 rumpitur,
517 3142 624 3182 sanctus
635 3143 662 3183 et
672 3130 822 3201 religiosus.

389 3228 460 3281 Nor.
481 3224 595 3286 ilo—86.
613 3225 655 3278 Ne
664 3223 822 3279 imminente
833 3223 943 3296 quidem
951 3225 1012 3281 vitae
1028 3227 1182 3282 discrimine
1196 3247 1212 3281 a
1224 3228 1323 3284 virtute
1332 3225 1417 3284 etho·

355 3318 457 3365 uestate
470 3307 605 3364 deflectas.
625 3307 660 3361 ld
672 3327 753 3380 quum
765 3308 923 3381 magnifice,
941 3323 967 3364 et
982 3325 1082 3382 quanta
1096 3312 1228 3383 gravitate
1245 3314 1419 3385 exprimitur?

357 3393 457 3450 conten
466 3390 559 3447 divina
572 3391 621 3444 illa
631 3392 691 3446 loca
701 3394 797 3446 Horat.
810 3392 865 3447 Od.
878 3393 935 3456 111,
948 3397 973 3457 3,
986 3402 1066 3462 1-4‚
1084 3409 1111 3449 et
1121 3398 1206 3469 Epist.
1221 3398 1246 3460 l,
1261 3401 1301 3461 ιθ,
1314 3398 1347 3467 73
1363 3416 1419 3470 seq.

356 3479 444 3532 Notus
452 3487 492 3530 est
506 3478 630 3540 Phalaris,
640 3476 797 3530 sevissimus
810 3477 1043 3548 Agrigentinorum
1058 3477 1085 3530 in
1097 3479 1189 3531 Sicilia
1203 3493 1338 3550 tyrannus,
1350 3483 1420 3552 ejus-

356 3571 500 3632 quesumus
511 3573 614 3622 cneus,
629 3557 755 3610 aPerillo
766 3557 926 3622 fabricatus,
940 3559 967 3610 in
980 3578 1034 3631 quo
1049 3559 1145 3612 inclusi
1158 3561 1294 3624 homines,
1313 3561 1420 3615 subdito

355 3639 427 3712 igni,
442 3639 513 3694 lente
525 3641 711 3702 torrebantur,
729 3637 804 3710 quod
818 3657 834 3691 a
846 3639 948 3693 Timeo
961 3660 1101 3714 perperam
1114 3643 1142 3695 iu
1158 3658 1298 3696 numerum
1316 3645 1421 3698 fabula-

355 3742 417 3776 rum
427 3722 523 3776 relerri
533 3733 623 3776 monet
632 3719 744 3776 Diodor.
757 3723 828 3774 xut
836 3755 847 3788 ,
855 3739 917 3794 pag.
932 3739 961 3776 ar
969 3740 991 3775 ι.
1005 3724 1082 3776 Cous.
1092 3736 1181 3778 tamen
1190 3725 1301 3778 Lucian.
1314 3726 1342 3778 iu
1352 3728 1421 3778 Phr-

355 3803 405 3857 lar.
414 3823 438 3859 c.
451 3822 493 3871 11,
504 3817 568 3857 tons.
578 3804 621 3870 ΙΙ,
633 3819 695 3875 pag.
709 3820 757 3874 ¹97
771 3821 825 3876 seq.
838 3802 881 3856 ed.
896 3804 980 3856 Reitr.

390 3899 460 3952 Nor.
479 3899 524 3954 83.
541 3904 663 3952 &nussum
677 3901 750 3950 erede
767 3900 853 3967 nefas,
868 3900 992 3962 meissen,
1006 3900 1103 3966 vitum,
1114 3902 1234 3968 preserve
1247 3885 1354 3968 pudori,
1371 3903 1422 3954 ho-

353 3981 465 4047 nestati,
482 3983 560 4036 bonu
573 3983 650 4036 lamo
663 3993 690 4034 et
707 3983 887 4048 conscientie,
903 3999 962 4055 quse
977 3999 1040 4038 mox
1054 3987 1157 4036 vivendi·
1168 4001 1267 4036 esnssoe
1282 3989 1421 4044 vocantur.

353 4061 482 4136 quonlam
495 4065 611 4132 fuciunt,
629 4079 660 4120 ut
677 4065 737 4138 quis
750 4066 919 4139 vindimius
932 4067 967 4120 sit
980 4083 986 4120 ι
1001 4067 1049 4138 qni
1061 4067 1132 4120 enirn
1148 4083 1204 4120 non
1219 4067 1364 4122 secundum
1376 4085 1422 4122 ra·
