3056 4984
355 457 408 523 IN
432 458 661 523 SATIRAM
684 459 939 543 QUINTAM.
1118 461 1179 526 315

144 573 212 619 Vsa.
235 582 278 633 74.
293 573 385 631 Vr'sw,
403 575 1184 638 10,11,24,26,2a‚axb.50,62‚70-7s‚75‚7t‚82,et

109 656 134 702 Χ
145 655 214 704 MSS.
224 657 301 704 Paris
311 658 421 706 melioris
431 668 502 706 nota.
517 657 568 706 Via
578 669 616 720 tu,
631 675 741 720 12—17‚
753 658 863 722 19-23‚
874 659 916 719 25,
931 673 974 720 27,
987 659 1102 720 45-49,
1114 659 1184 715 54-

108 739 276 800 arms-ss,
285 750 332 802 74,
340 753 364 789 et
373 743 447 789 XXV
457 741 537 790 Codd.
547 743 623 790 Paris.
638 743 696 790 Vin'
707 753 744 800 tu,
757 759 799 804 77.
815 741 866 789 Via·
874 751 906 800 te,
921 745 963 805 69.
976 743 1100 790 Ferrarius
1108 741 1184 789 Elect.

108 822 148 880 ΙΙ,
161 837 208 882 ro,
220 824 338 886 putabat,
348 825 399 873 sire
412 825 454 874 Vis
461 861 470 884 ,
482 827 533 875 sire
546 825 603 872 Vin'
616 826 717 891 legatur,
731 825 879 874 concinnam
889 825 1035 874 seutemim
1047 835 1088 872 aut
1098 839 1184 871 rernm

108 918 209 952 sensum
218 907 276 954 elici
287 909 429 973 nentiquam
440 925 521 974 posse,
531 925 612 974 neque
624 920 731 958 mentem
741 919 821 973 poetae
831 909 948 974 intelligi,
960 909 1010 956 uisi
1021 907 1069 957 via
1078 906 1187 972 legamus

109 995 134 1033 et
145 987 240 1035 audem
254 1006 302 1054 pro
315 991 404 1039 audax
415 991 521 1040 duarum
531 991 652 1040 vocalium
663 991 807 1052 collisione,
821 1002 849 1040 ut
861 993 913 1056 ipse
924 1001 996 1056 poeta
1007 989 1039 1039 ad
1049 993 1185 1056 parasitan-

108 1075 158 1112 tem
167 1065 292 1130 loquatur.
304 1071 352 1119 Sed
362 1071 414 1119 baec
422 1071 542 1120 vocalium
551 1088 582 1120 ea
589 1071 698 1132 collisio,
709 1089 752 1120 sen
762 1061 884 1138 νυνίζησις
892 1071 990 1119 insolita
998 1080 1043 1132 est,
1051 1086 1184 1135 sensusque

109 1149 136 1196 lr.
146 1149 339 1214 [planissimus.
353 1156 418 1204 Hinc
431 1157 506 1205 etiam
519 1173 572 1205 non
583 1157 718 1206 necessaria
728 1167 776 1215 est,
788 1156 834 1203 etsi
847 1155 942 1214 melior,
953 1154 1092 1203 emendatio
1103 1153 1186 1202 Plath·

23 1295 29 1308 .
111 1234 164 1280 neri
176 1249 183 1280 :
200 1234 246 1282 Vis
259 1246 285 1283 tn
295 1254 344 1285 non
354 1238 427 1287 suetis
438 1239 527 1288 audax
536 1238 638 1287 consiva
649 1239 760 1288 canutus
770 1238 889 1304 Implen'?
896 1237 1004 1304 patrisne
1015 1236 1052 1286 tui
1062 1235 1104 1286 vis
1115 1253 1187 1286 nosse

112 1315 235 1365 marma
246 1320 378 1385 Perperna
388 1323 498 1371 Manain
508 1333 565 1388 post
573 1323 623 1371 via
633 1323 761 1388 supplebat
770 1323 858 1389 dignus
869 1339 903 1372 es.

146 1409 214 1464 N0¹¹·
234 1420 281 1482 74.
295 1417 337 1484 75.
351 1416 439 1469 Verba
451 1428 512 1468 sunt
523 1415 621 1469 servuli
633 1415 820 1488 dispensatoris
829 1413 864 1467 ad
873 1413 1007 1476 clientem,
1018 1410 1098 1484 hujus
1108 1422 1188 1462 teme·

112 1491 215 1548 ritatem
229 1496 399 1571 increpantis.
413 1529 449 1542 -
465 1503 599 1564 canistris,
612 1519 663 1571 pro
676 1518 755 1571 pane,
769 1497 855 1570 quiin
868 1497 900 1550 iis
915 1495 1027 1548 affertur
1038 1506 1062 1546 et
1075 1495 1187 1546 circum·

112 1575 203 1629 fertur.
218 1578 273 1634 Nos
285 1581 452 1636 diceremus:
469 1587 552 1636 Wiiist
564 1586 597 1634 du
613 1584 680 1634 wohl
695 1601 741 1634 aus
755 1580 949 1634 deinem'liorbe
964 1587 1053 1630 essen?
1065 1579 1186 1630 Formam

112 1658 239 1731 loquendi
253 1667 294 1716 ab
309 1681 334 1716 tu
348 1685 401 1719 non
414 1667 598 1738 interrogantis
610 1664 690 1718 modo
703 1685 773 1731 esse,
792 1665 838 1718 sed
853 1677 878 1717 et
888 1664 1018 1737 jubentis,
1033 1663 1188 1734 egregieque

112 1742 235 1798 illustrari
247 1767 262 1800 a
274 1748 357 1802 Gron.
369 1749 403 1802 ad
415 1749 475 1804 Sen.
488 1749 522 1802 de
533 1750 591 1814 lra,
604 1747 666 1814 ΙΙΙ,
681 1748 730 1814 38,
745 1761 770 1800 et
781 1747 865 1800 Bentl.
880 1745 914 1799 ad
927 1747 1010 1799 Horat
1031 1746 1084 1799 Sat.
1097 1746 1140 1811 ll,
1155 1749 1187 1810 6,

112 1841 161 1892 9¹,
174 1841 268 1883 monet
276 1831 355 1884 Heln.
368 1863 405 1873 —
417 1833 513 1886 Sensus
525 1845 579 1885 est:
591 1831 631 1884 ris
643 1843 671 1882 tu
682 1831 694 1899 (
701 1830 803 1902 gallice,
815 1833 974 1881 vaula-vous
985 1831 1056 1898 bien)
1069 1828 1188 1880 canistris

72 1913 75 1917 ’
113 1913 256 1979 consuetis,
270 1913 364 1977 idest,
381 1933 533 1986 pane,quo
550 1915 627 1978 soles,
641 1913 768 1980 saturari,
788 1924 813 1963 et
831 1921 969 1964 contentus
988 1909 1112 1964 essehoc
1131 1911 1189 1982 ipso

113 2010 190 2062 pane,
203 2013 285 2066 quem
297 1995 385 2049 colore
395 2015 470 2050 nosse
481 2008 565 2070 potes.
585 1995 635 2048 En.

146 2135 215 2182 Vsa.
235 2137 279 2196 76.
291 2134 385 2192 Fuerit,
400 2135 443 2183 aa.

147 2224 217 2278 Nor.
239 2228 354 2295 76-79.
370 2227 470 2292 Verba,
482 2243 528 2279 seu
540 2226 651 2297 cogitata
661 2226 774 2292 clientis,
786 2225 946 2298 indignantis
956 2237 982 2278 et
989 2226 1188 2297 conquerentis,
1261 2223 1264 2231 ¹

114 2323 140 2357 se
152 2324 203 2377 pro
214 2318 256 2358 tot
267 2307 362 2361 officiis
375 2319 487 2380 patrono
500 2309 622 2381 prestitis
634 2321 687 2362 tam
703 2309 810 2382 indigne
823 2310 940 2362 tractari.
953 2339 989 2348 -
1003 2310 1113 2369 Scilicet,-
1127 2305 1189 2362 vide

115 2387 148 2440 ad
157 2389 199 2448 11,
217 2397 277 2453 roi.
294 2422 328 2430 -
340 2395 392 2442 Hor
402 2391 542 2462 premium
556 2403 593 2444 tot
608 2391 837 2446 incommodorum
851 2391 1035 2464 laborumque,
1047 2390 1103 2444 haec
1114 2389 1189 2443 inbo-

114 2484 185 2525 nesta
198 2473 329 2526 tractatio.
349 2503 384 2515 -
404 2477 497 2525 Relicta
510 2478 612 2545 conjuga
625 2477 653 2528 in
666 2476 751 2542 lecto,
765 2490 795 2530 ut
807 2495 884 2529 mane
897 2475 1034 2529 salutarem
1048 2487 1188 2548 patronum

114 2559 205 2629 procul
216 2558 386 2612 habitantem.
398 2591 434 2601 —
444 2562 587 2622 Adversum,
602 2560 714 2614 arduum
724 2582 733 2629 ;
746 2561 813 2615 sch.
824 2576 927 2614 montem
937 2574 961 2612 et
968 2563 1103 2630 Esquilias,
1115 2579 1190 2614 mon·

114 2654 178 2707 tem,
192 2661 241 2696 seu
254 2643 349 2696 collem
362 2643 538 2716 Esquilinum.
551 2675 586 2686 --
600 2647 713 2704 Gelidus,
728 2657 808 2697 vento
818 2645 962 2711 obnoxias,
975 2644 1017 2698 vel
1028 2643 1128 2717 gelida,
1143 2663 1189 2696 seu

115 2723 209 2797 frigida
224 2737 387 2797 tempestate.
402 2758 437 2768 -
452 2729 554 2778 Gelidus
561 2727 670 2780 omnino
678 2728 777 2800 pendet
787 2749 801 2781 a
810 2747 884 2800 seqq.
899 2748 964 2780 saeva
974 2748 1046 2796 qutun
1052 2731 1189 2797 grandine:

115 2807 214 2880 grando
223 2807 312 2882 gelida
323 2809 433 2862 cadebat
442 2809 469 2862 in
480 2825 541 2862 eum
551 2821 700 2864 currentem
710 2830 758 2884 per
765 2811 904 2884 Esquilias.
915 2811 967 2864 En.
978 2843 1014 2853 -
1022 2815 1123 2880 sopita,
1133 2815 1187 2864 ae'r.
1297 2805 1302 2818 '

115 2921 150 2932 -
161 2897 261 2944 Vernus
272 2913 282 2943 .·
295 2911 356 2945 nam
368 2904 424 2945 toto
434 2892 503 2946 veris
514 2905 631 2964 tempore
640 2913 685 2947 aer
694 2895 837 2962 mutabilis,
850 2915 880 2949 ac
894 2913 961 2967 sepe
971 2895 1077 2968 pluvius
1087 2909 1133 2948 est.
1144 2895 1187 2947 Cf.

115 2976 287 3031 Wemsdorl.
296 2976 330 3029 ad
339 2978 466 3051 Calpurn.
481 2977 539 3031 Ecl.
550 2978 585 3044 V,
597 2979 644 3046 45,
658 2980 686 3032 in
697 2978 770 3032 Poet.
784 2979 850 3032 Min.
863 2992 927 3034 tom.
941 2981 982 3042 ΙΙ,
996 2999 1022 3052 p.
1036 2986 1094 3044 rio.
1109 2980 1186 3033 Tem.

115 3072 225 3132 pestates
241 3079 348 3132 quoque
365 3061 393 3112 in
405 3060 481 3114 Italia
498 3060 661 3134 frequentius
674 3064 800 3134 ingruunt
811 3063 860 3116 sub
873 3061 1008 3116 auctumni
1026 3063 1145 3128 initium,
1163 3075 1189 3116 et

116 3143 181 3198 veris
194 3145 296 3196 exitum
309 3164 316 3198 :
330 3144 392 3199 vide
403 3145 436 3198 ad
447 3144 497 3209 IV,
510 3147 558 3215 873
570 3144 662 3218 lieyne
670 3159 696 3199 et
705 3145 782 3199 Voss.
794 3145 829 3200 ad
838 3147 912 3219 Virg.
922 3146 1018 3218 Georg.
1030 3148 1060 3213 1,
1072 3147 1120 3202 311
1131 3168 1187 3220 seq.

115 3229 234 3283 etBentl.
244 3228 278 3281 ad
291 3229 383 3282 Horat.
397 3227 448 3282 Od.
460 3230 511 3296 IV,
524 3236 555 3296 4,
566 3247 592 3300 7.

148 3355 220 3401 Vn.
234 3353 278 3411 78.
291 3350 437 3417 Esquilias,
449 3351 603 3417 AEsqaillios,
614 3351 754 3420 Esquilias,
765 3352 908 3418 AEaeqaiims
918 3353 971 3412 alii;
983 3353 1032 3402 vid.
1042 3353 1074 3402 ad
1083 3357 1133 3413 111,
1149 3369 1189 3416 γι.

115 3437 446 3500 -quonsoeva,11,ao.
537 3433 546 3454 ¹

147 3533 217 3580 Vsa.
237 3545 278 3592 79.
291 3528 401 3594 luppiter
411 3529 483 3594 ruho
496 3544 625 3594 perperam
638 3529 770 3576 scribitur:
783 3545 841 3577 nam
854 3545 905 3578 vox
918 3529 1143 3594 Jupr'tercoutricta
1157 3547 1189 3579 ex

115 3613 180 3662 loris
189 3624 273 3678 pater,
283 3622 308 3660 et
317 3612 397 3676 prima
407 3613 460 3674 ejus
469 3611 523 3677 syll.
533 3613 614 3661 ubivis
623 3611 776 3678 producitur.

148 3699 219 3755 Nor.
240 3719 284 3772 79.
299 3701 418 3762 venula,
431 3695 560 3770 partim,
573 3693 711 3771 pauisse,
724 3693 849 3768 petisse,
861 3691 978 3770 φιλίης,
991 3693 1123 3769 puritas,
1134 3697 1190 3772 pal-

114 3791 179 3842 lium
190 3787 429 3859 vestbuentumque
439 3785 619 3852 itinerarium,
633 3785 706 3860 quod
724 3797 810 3839 tamen
821 3786 952 3839 Cesaram
965 3785 1127 3858 temporibus
1141 3785 1189 3837 fri-

114 3872 183 3944 goris
197 3883 223 3925 et
233 3870 332 3944 pluvie
343 3887 432 3924 caussa
443 3869 521 3922 etiam
532 3870 559 3922 in
571 3869 660 3934 Urbe,
677 3870 741 3924 etin
752 3869 826 3935 foro,
846 3870 889 3923 vel
896 3867 1006 3943 judiciis
1019 3869 1185 3940 gestabatur:

114 3956 169 4010 vid.
181 3956 244 4009 sen:
258 3953 293 4008 de
304 3954 369 4007 Bau.
383 3953 443 4020 ΙΙΙ,
454 3953 503 4020 28;
526 3953 662 4025 Lamprid.
673 3954 747 4007 Alex.
758 3952 818 4006 Ser.
833 3971 856 4006 c.
868 3955 917 4018 26;
931 3953 1003 4024 Lips.
1017 3951 1098 4005 Elect.
1114 3953 1143 4018 Ι,
1158 3951 1188 4005 ι3

115 4051 140 4090 et
148 4038 179 4091 ab
188 4057 197 4104 ;
205 4037 309 4090 Ferrar.
315 4035 350 4088 de
356 4035 395 4090 lie
401 4036 475 4096 Yeat.
482 4036 518 4099 V,
527 4055 541 4088 a
551 4036 668 4102 3Rnben.
677 4034 712 4089 de
718 4037 785 4089 Lato
793 4035 920 4108 Clavo‚p.
930 4035 970 4102 18,
978 4033 1067 4108 ibique
1076 4034 1189 4108 Magius,

114 4120 225 4216 Scbulze
237 4117 272 4172 ad
285 4118 371 4172 Tacit.
385 4119 455 4174 Dial.
468 4118 501 4174 de
511 4119 584 4173 Orat.
597 4137 655 4191 cap.
669 4117 718 4188 39,
730 4133 757 4174 et
774 4119 941 4174 schleusneri
959 4120 1021 4173 Lex.
1031 4119 1064 4174 N.
1076 4121 1108 4174 T.
1125 4139 1184 4176 voc.

116 4207 243 4268 φιιλυηε.
