3056 4984
337 397 400 464 350
606 397 648 459 D.
677 394 817 459 JUNlI
844 396 1128 466 JUVENALIS

334 511 421 581 lnde
436 510 527 578 faces
546 507 681 592 ardent;
697 509 839 578 veniunt
855 535 875 577 a
891 511 970 581 dote
986 515 1123 608 sagittae.

333 623 488 692 Libertas
504 618 630 686 emitur
647 643 655 684 :
673 642 786 688 coram
803 618 880 689 licet
900 621 1018 692 innuat
1035 640 1135 718 atque
1355 657 1401 709 „30

236 765 247 780 ·
334 731 523 815 Rescribat,
538 728 637 797 vidua
650 744 717 814 est,
735 729 885 824 locuples
899 757 974 826 quae
990 737 1107 830 nupsit
1122 761 1233 806 avaro.

380 845 450 912 Cur
469 838 638 910 desiderio
654 839 780 909 bibulae
799 841 969 912 Sertorius
987 845 1105 915 ardet?

331 954 366 1023 si
385 975 503 1021 verum
520 950 682 1035 excutias,
698 949 816 1034 facies,
833 976 903 1019 non
918 977 1004 1021 uxor
1019 971 1158 1025 amatur.

332 1065 416 1132 Tres
436 1083 526 1154 rugae
542 1059 700 1144 subeant,
716 1073 752 1129 et
768 1083 803 1128 se
823 1059 911 1131 cutis
927 1063 1020 1132 arida
1035 1063 1139 1152 laxet,

330 1172 428 1238 Fiant
442 1169 577 1240 obscuri
594 1165 731 1254 dentes,
748 1169 907 1262 oculique
922 1172 1087 1262 minores;

329 1280 485 1372 «Collige
500 1276 703 1362 sarcinulas,
720 1277 811 1347 dicet
826 1278 984 1364 libertus,
998 1297 1034 1352 et
1049 1283 1102 1351 exi
1118 1308 1126 1349 :

329 1394 403 1459 Jam
419 1387 527 1483 gravis
542 1410 579 1456 es
596 1385 710 1471 nobis,
728 1400 762 1454 ct
779 1411 867 1482 saepe
886 1392 1099 1484 emungeris,
1114 1393 1167 1463 exi

329 1501 451 1584 Ocius,
467 1509 503 1567 et
519 1519 664 1590 propera
681 1520 688 1562 :
705 1495 795 1566 sicco
811 1497 905 1567 venit
919 1499 1023 1569 altera
1039 1525 1131 1572 naso.
1142 1531 1159 1566 s

327 1617 463 1682 Interea
478 1608 580 1693 calet,
594 1621 630 1676 et
644 1621 780 1700 regnat,
797 1610 973 1703 poscitque
991 1613 1148 1682 maritum

328 1727 501 1808 Pastores,
518 1735 553 1791 et
567 1741 667 1788 ovem
681 1709 903 1807 Canusinam,
919 1721 1095 1818 ulmosque
1112 1723 1280 1793 Falernas.
1348 1743 1393 1794 150

326 1831 535 1922 Quantulum
551 1829 586 1897 in
599 1825 685 1897 boc?
699 1851 824 1922 pueros
839 1852 973 1916 onmes,
990 1832 1155 1926 ergastula
1169 1848 1257 1918 tota,

326 1943 496 2036 Quodque
513 1940 687 2009 dominon
704 1953 776 2024 est,
792 1954 828 2010 et
842 1940 945 2010 habet
962 1942 1108 2031 vicinus,
1124 1959 1267 2014 ematur.

329 2058 451 2125 Mense
468 2051 605 2146 quidem
622 2051 768 2134 bruma,
785 2073 853 2143 quo
865 2050 935 2174 qu
951 2069 1118 2123 mercator
1135 2057 1232 2124 Iason

325 2321 402 2361 uxor
412 2301 481 2358 emit
493 2297 639 2386 licentiam
651 2316 703 2354 suo
718 2316 799 2353 more
811 2295 938 2353 vivendi.
952 2298 1070 2372 Itaque,
1084 2311 1223 2372 prasente
1236 2302 1304 2358 licet
1315 2301 1393 2373 viro,

326 2391 500 2452 amatoribus
515 2389 572 2447 suis
584 2389 702 2464 impune
713 2389 855 2444 arridebit
864 2405 896 2444 ac
906 2389 1023 2457 innuet,
1040 2389 1077 2444 ab
1088 2389 1188 2446 iisdem
1202 2393 1321 2467 accipiet
1335 2394 1393 2467 epi·
1508 2397 1509 2440 ἴ

325 2489 428 2554 stolas,
446 2503 478 2540 ac
496 2480 620 2538 vicissim
637 2479 705 2555 ipsis
720 2479 869 2536 rescribet.
888 2481 956 2538 Uno
971 2480 1075 2546 verbo,
1096 2481 1200 2538 mulier
1215 2483 1312 2553 dives,
1332 2503 1391 2558 qua

325 2595 443 2634 avarum
457 2585 541 2631 nacta
560 2571 656 2627 virum
680 2582 739 2641 est,
756 2570 876 2645 aurique
892 2571 1045 2646 cupidum,
1064 2573 1162 2629 eadem
1180 2573 1290 2632 fruitur
1306 2577 1392 2634 liber·

324 2681 398 2741 tate,
414 2668 483 2724 acsi
497 2666 583 2722 vidua
597 2675 687 2731 esset,
704 2662 858 2736 virumque
875 2665 958 2737 plane
974 2681 1033 2720 nou
1048 2666 1175 2722 baberet.

367 2769 432 2830 ιω.
454 2760 514 2815 Cur
528 2755 659 2811 Bibulam
673 2754 785 2840 deaqnat
799 2755 965 2810 Sertorius?
983 2757 1015 2812 si
1035 2757 1185 2814 veritatem
1204 2758 1293 2834 ipsam
1313 2779 1391 2818 sern-

323 2853 410 2922 taris‚
431 2851 553 2907 formam
575 2845 691 2915 uxoris,
710 2861 771 2900 uon
788 2861 910 2901 uxorem
927 2858 1011 2902 amat.
1033 2849 1069 2904 Et
1087 2867 1158 2906 vero
1176 2849 1290 2908 batilla
1315 2856 1391 2930 mgis

323 2957 435 3002 tautam
445 2943 539 2999 trihus
547 2937 685 2995 deformis
694 2957 703 3006 3
713 2934 872 3008 flaccescat,
883 2949 912 2993 et
922 2937 1072 2995 deficiente
1080 2959 1165 2998 succo
1174 2943 1255 3017 pellis
1264 2963 1390 3002 arescens

321 3033 635 3108 laxen1r3nigrescaut
658 3028 757 3084 dentes
779 3039 860 3084 antea
883 3030 1019 3101 eburnei3
1041 3034 1192 3090 oculorum
1213 3037 1389 3112 angustiores

211 3163 213 3169 ι
322 3128 530 3185 contrahantur
545 3121 646 3191 orbes;
664 3121 803 3176 contiuuo
822 3139 882 3175 eam
899 3121 1012 3194 jubebit
1022 3126 1118 3181 valere
1130 3125 1388 3187 libertusamarito

321 3222 439 3290 missus;
452 3229 495 3290 et,
510 3217 587 3271 «Res
602 3225 664 3270 tuas
677 3213 732 3268 tibi
741 3213 832 3284 habe,
849 3213 964 3289 collige,
980 3215 1107 3290 inquiet;
1121 3217 1196 3275 ferre
1211 3230 1240 3275 te
1253 3233 1388 3294 praeterea

320 3333 381 3370 non
397 3325 568 3388 possumus:
592 3306 631 3362 ita
653 3305 707 3361 tibi
722 3323 855 3362 mucosus
871 3323 954 3363 nasus
970 3319 1029 3378 est,
1048 3321 1080 3365 ut
1098 3311 1197 3385 sapius
1218 3314 1387 3387 pendentem

321 3403 431 3461 stiriam
443 3400 604 3475 abstergas3
618 3396 692 3452 absia
704 3396 873 3467 confestim,
889 3414 983 3456 morus
997 3401 1120 3476 praecide
1133 3425 1140 3459 ε
1154 3404 1184 3458 ἰιι
1197 3419 1335 3481 promptu
1347 3418 1388 3464 est

320 3497 409 3554 altera
422 3511 491 3549 uaso
505 3491 580 3548 sicco
594 3489 779 3563 conspicua.»
796 3491 915 3548 Interim
925 3503 1020 3549 autem
1030 3495 1123 3552 donec
1132 3496 1223 3554 forma
1237 3500 1342 3556 Bibulae
1359 3511 1387 3556 et

321 3601 387 3647 aetas
397 3587 498 3657 floret,
510 3584 613 3660 cupide
625 3583 721 3639 omnia
734 3583 926 3658 ardenterque
940 3586 1032 3662 gerit,
1046 3604 1165 3664 regnum
1174 3574 1326 3664 'quoddam
1337 3594 1386 3648 ob-

320 3683 394 3741 tinet
409 3682 441 3737 in
456 3677 579 3737 Sertorii
591 3677 697 3745 domo;
711 3695 728 3730 a
740 3675 806 3731 viro
819 3678 960 3752 postulat,
972 3690 1004 3734 ut
1016 3697 1084 3736 oves
1095 3701 1160 3738 cum
1172 3685 1347 3757 pastoribus,
1356 3686 1385 3740 iu

319 3773 438 3850 Apulia,
453 3782 482 3828 et
494 3771 592 3826 vineas
603 3767 688 3825 ulmis
700 3767 882 3840 conjunctas,
901 3770 931 3825 in
949 3789 1020 3846 agro
1032 3773 1170 3845 Falerno,
1187 3759 1243 3832 sibi
1260 3791 1383 3834 coemat:

225 3909 227 3912 .
319 3885 421 3941 parum
431 3874 488 3934 est3
499 3877 695 3937 quoscumque
703 3859 783 3916 videt
791 3875 903 3930 servos,
913 3861 1042 3938 integros
1049 3867 1257 3942 mancipiorum
1270 3888 1382 3946 greges,

319 3957 462 4032 quidquid
477 3965 522 4012 est
530 3970 589 4029 quo
600 3965 678 4010 caret
690 3951 786 4021 domi,
800 3951 938 4027 quodque
951 3955 1053 4012 vicinis
1068 3959 1211 4034 suppetit,
1228 3962 1381 4036 comparari

316 4049 408 4122 jubet.
433 4049 527 4118 Quin,
543 4045 667 4123 hyemali
680 4063 793 4115 mense,
807 4063 896 4120 quum
911 4047 971 4120 jam
984 4049 1022 4102 ob
1038 4049 1155 4126 frigoris
1171 4054 1228 4109 vim
1245 4065 1380 4110 mercator

318 4142 402 4196 lason
421 4149 497 4195 tecto
517 4139 628 4194 clausus
644 4137 730 4206 latet,
754 4156 844 4212 quum
860 4139 959 4194 casula
973 4139 1088 4197 uiribus
1103 4143 1257 4202 albicantes
1273 4156 1379 4222 paratos
