3058 4988
318 437 385 518 480
479 433 654 500 VARIAE
677 429 972 499 LEGTIONES
994 428 1059 493 ΕΤ
1081 425 1236 494 NOTAE

354 555 421 600 Vsa.
440 560 500 620 440.
513 551 654 599 llicversus
665 549 755 598 ebests
763 549 806 608 57,
817 558 842 595 ct
850 556 937 612 poste.
945 546 996 604 443
1008 545 1096 610 legitur
1105 545 1132 593 in
1143 553 1175 607 47
1186 556 1213 594 et
1222 545 1397 613 85.-Atque

318 651 370 684 cra
385 651 432 700 pro
445 650 516 682 nemo
529 649 598 696 cero,
615 649 655 693 rr,
671 649 716 690 ro,
733 641 844 693 tt—oq,
858 633 976 689 45-50,
990 630 1108 693 58-69,
1124 645 1167 690 71,
1180 644 1228 691 72,
1244 631 1286 690 73,
1298 647 1337 692 ῃ,
1351 633 1398 691 85,

319 728 343 766 et
353 718 455 782 plurimi
465 716 546 766 Codd.
558 716 634 765 Poris.
645 744 680 753 -
693 713 804 782 llata'got,
822 723 862 776 ι4,
877 715 907 762 ι8
919 730 976 762 am.
986 729 1023 778 pr.

354 815 422 860 Vsa.
449 813 508 870 443.
527 812 599 860 laona
620 809 748 860 laboranti
760 808 853 876 poterit
870 823 1008 857 succurrere
1020 823 1125 866 raanoe,
1145 815 1177 870 tq
1193 808 1287 874 (raasoe
1296 809 1323 856 in
1334 811 1400 858 Ver.

321 897 385 957 1⁴⁸7
395 895 414 960 ).
426 921 462 932 -
476 894 567 953 Potut't,
582 893 625 944 85.

354 988 423 1040 Nor.
443 991 510 1052 440,
529 985 589 1050 443.
609 983 714 1038 Festive
726 980 875 1048 sententia,
894 999 948 1054 qun
965 981 1043 1037 simul
1059 983 1179 1057 vulgaris
1194 983 1352 1056 superstitio
1364 985 1400 1038 ri·

318 1069 414 1123 detur:
427 1068 474 1121 Nil
486 1085 555 1140 opus
566 1079 606 1120 est
617 1066 734 1138 emplius
746 1077 787 1119 tot
799 1064 870 1118 tubis
881 1077 909 1118 et
920 1066 1054 1136 pelvibus,
1066 1067 1162 1138 quibus
1176 1067 1254 1140 plebs
1268 1067 1399 1122 laboranti

318 1158 389 1210 lunc
402 1173 559 1208 succurrere
575 1163 705 1218 conntnr3
725 1150 799 1224 quod
814 1150 845 1202 iis
857 1147 928 1204 ellici
941 1149 1077 1218 creditur,
1088 1151 1146 1205 hec
1160 1153 1257 1206 mulier
1275 1152 1335 1205 solo
1349 1151 1399 1204 lin·

317 1258 378 1312 gue
394 1257 448 1291 sune
461 1237 574 1309 strepitu
592 1253 624 1289 nc
640 1252 709 1288 sono
725 1247 854 1306 proestare
867 1246 963 1306 potest.
981 1234 1105 1301 Veteres,
1122 1253 1211 1288 rerum
1225 1235 1400 1308 physicorum

319 1321 421 1395 ignari,
441 1319 532 1373 lunum
546 1331 705 1391 propterea,
718 1316 792 1390 quod
808 1317 919 1389 magicis
935 1335 1059 1390 sagorum
1077 1318 1308 1372 incantationibus
1322 1339 1400 1391 coge·

318 1419 394 1461 retur
405 1406 433 1458 in
445 1417 543 1458 terram
551 1401 722 1468 descendere,
730 1415 757 1456 et
764 1420 898 1474 spumam,
906 1402 949 1454 vel
957 1402 1039 1468 virus,
1048 1421 1103 1475 quo
1113 1403 1240 1458 veneficte
1251 1415 1398 1468 uterentun

320 1490 450 1544 inberbes
457 1486 595 1542 eilundere
602 1527 609 1550 ,
616 1486 733 1540 deficere
740 1487 884 1558 putebant,
894 1505 925 1541 rc
932 1487 1057 1542 reluctari
1065 1488 1120 1554 ,vel
1127 1492 1305 1543 lobomrerne
1313 1491 1398 1562 itaque

270 1569 273 1578 ’
319 1575 475 1630 vinceretur
484 1572 655 1635 carminibus,
666 1583 692 1625 et
705 1573 769 1625 ctelo
778 1570 969 1639 devocaretur,
983 1571 1031 1626 sed
1041 1570 1075 1625 ad
1087 1574 1204 1626 carmina
1216 1574 1263 1626 ille
1276 1573 1400 1627 obsurde-

320 1673 421 1724 sceret,
431 1660 459 1712 in
471 1659 521 1712 buc
534 1659 604 1712 luctu
616 1657 639 1710 ei
651 1659 765 1708 laborant
777 1659 871 1710 ιἰτνίωη
880 1675 963 1722 sono,
975 1659 1078 1731 crepitu
1086 1661 1194 1726 pelvium
1205 1677 1237 1713 nc
1247 1660 1399 1710 timum&-

318 1751 412 1810 lorum‚
427 1747 538 1796 tubomm
551 1753 737 1814 cornuumque
750 1753 884 1796 concentu
899 1761 1038 1794 succurrere
1050 1744 1225 1796 conabuntur.
1246 1742 1316 1807 Qut
1330 1742 1400 1795 anilis

320 1827 477 1901 superstitio
489 1839 530 1880 eat
543 1825 683 1880 notissime
695 1837 721 1879 et
731 1844 781 1898 per
790 1843 899 1878 omnem
913 1825 969 1879 iere
981 1827 1120 1882 Orientem
1132 1828 1215 1880 etism
1226 1845 1304 1882 nunc
1315 1825 1400 1881 divul-

321 1923 391 1986 gete.
403 1921 412 1946 ¹

356 2008 425 2062 Nor.
452 2012 503 2070 444
518 2025 573 2079 seq.
594 2004 684 2070 Vide,
704 2017 734 2058 ut
755 2003 876 2059 inflectet
898 2021 927 2059 te
947 2006 1044 2060 sensim
1065 2007 1150 2062 orrtio
1171 2005 1206 2062 ed
1231 2008 1399 2080 gravitatem.

321 2091 422 2146 Sensus
431 2107 569 2162 nexusque
578 2108 632 2142 vss.
645 2093 695 2152 444
707 2107 762 2161 seq.
771 2087 817 2142 bic
824 2100 863 2141 est
873 2088 998 2161 :Sapiens
1008 2090 1089 2143 etium
1099 2090 1219 2161 pulchris
1229 2089 1401 2161 honestisque

321 2175 403 2230 rebus
413 2171 523 2227 modum
535 2191 565 2226 oc
577 2171 657 2224 linem
672 2172 766 2243 ponit,
781 2189 829 2226 seu
839 2173 931 2226 statuit
944 2171 1026 2240 (coni.
1038 2172 1104 2226 llor.
1114 2173 1168 2228 Sot.
1181 2175 1210 2238 1,
1223 2193 1247 2237 r,
1260 2179 1327 2240 106,
1341 2193 1401 2244 ¹⁰73

322 2263 349 2326 1,
361 2281 391 2322 s,
409 2277 457 2313 nr
471 2277 527 2331 seq.
541 2269 568 2310 et
581 2256 635 2325 ol.)
649 2275 656 2308 :
670 2256 733 2310 hinc
745 2257 883 2329 ingenium
895 2256 1004 2330 quidem
1016 2270 1071 2310 tum
1086 2256 1244 2329 discipline,
1261 2277 1342 2330 quern
1356 2261 1401 2311 bo·

321 2363 420 2398 norum
433 2343 567 2396 librorum
578 2340 696 2395 lectione
714 2340 857 2413 subigere,
872 2341 914 2394 vel
932 2340 1050 2394 rnimnm
1066 2342 1169 2396 liberali
1184 2340 1312 2396 doctrine
1327 2361 1402 2396 exco-

321 2429 377 2480 lere
386 2465 394 2494 ,
403 2445 458 2478 non
470 2425 584 2478 seminus
595 2423 685 2477 minus
697 2442 779 2496 quum
789 2424 865 2477 viros
875 2423 951 2478 decet
961 2445 969 2490 ;
983 2437 1010 2476 tt
1022 2443 1127 2478 omnem
1138 2444 1230 2478 curum
1241 2443 1402 2498 operamque

317 2495 357 2566 id
365 2509 484 2564 studium
495 2508 680 2582 philosophie,
688 2508 843 2574 rhetoricae,
853 2508 1040 2580 grammatices
1049 2508 1217 2581 aliarumque
1228 2510 1329 2562 artium
1339 2529 1401 2562 con-

321 2599 407 2662 serre,
418 2614 474 2648 non
490 2595 541 2647 nisi
555 2593 619 2646 viris
637 2593 779 2664 proprium
789 2593 832 2645 rel
845 2591 975 2646 decorum
988 2611 1018 2647 nc
1032 2593 1071 2646 its
1084 2605 1138 2657 est,
1147 2606 1191 2659 et,
1205 2594 1228 2646 ai
1241 2595 1337 2646 mulier
1350 2593 1401 2646 bec

322 2681 443 2732 virorum
453 2675 542 2732 studit
551 2688 677 2739 sectetur,
689 2693 782 2728 eorum
790 2694 899 2748 quoque
905 2687 932 2730 et
938 2677 1031 2732 lubitu
1038 2688 1137 2739 ututur,
1149 2688 1176 2730 et
1184 2676 1287 2750 relique
1296 2677 1402 2748 negotia

322 2778 399 2837 ngat,
414 2761 537 2834 adeoque
548 2760 628 2833 plone
641 2758 736 2812 mulier
749 2777 807 2812 esse
818 2758 934 2813 desinet.

357 2938 427 2985 Vsu.
447 2934 506 2992 445,
518 2933 585 2981 Nom
598 2930 669 2997 qnia,
686 2947 726 2993 ¹7·
743 2931 811 2980 Nam
824 2929 847 2980 si
857 2931 946 2990 docta,
963 2934 1010 2992 25,
1026 2947 1071 2993 tir
1090 2931 1206 2994 46-49,
1220 2931 1341 2992 54-60,
1354 2931 1401 2988 64,

323 3021 373 3081 66,
390 3037 431 3082 77.

358 3109 427 3162 Nor.
446 3107 507 3173 445.
517 3107 664 3179 Epitheton
674 3109 748 3158 douo
759 3107 788 3160 in
800 3107 907 3161 leminis
917 3127 971 3162 non
983 3108 1018 3164 nd
1028 3109 1092 3164 ortis
1103 3122 1207 3164 tentum
1219 3109 1346 3181 poetice,
1356 3107 1400 3162 sed

322 3193 501 3266 philosophice
523 3191 620 3254 etiam,
641 3191 778 3257 historin,
801 3193 987 3266 omniumque,
1007 3213 1067 3267 que
1082 3195 1196 3249 lectione
1208 3191 1401 3258 addiscuntur,

322 3275 443 3331 studium
454 3293 511 3328 esse
523 3273 692 3328 relerendutn
704 3315 711 3340 ,
723 3293 755 3328 ex
770 3295 823 3330 vss.
837 3279 890 3342 448
902 3297 960 3351 seq.
974 3278 1145 3351 intelligitur,
1158 3291 1184 3330 et
1195 3289 1290 3332 contre
1303 3278 1399 3330 llroel-

320 3359 383 3412 hus.
395 3358 521 3431 probavit
534 3358 639 3431 lleyne.
654 3357 736 3411 Obss.
747 3358 780 3412 ad
793 3360 893 3414 Tibull.
905 3362 954 3427 tv,
966 3364 998 3424 6,
1014 3383 1038 3416 s.
1050 3393 1086 3404 --
1095 3364 1128 3415 ln
1139 3381 1192 3416 ess.
1202 3364 1266 3426 446,
1281 3367 1342 3432 447,
1353 3362 1399 3414 br·

320 3445 392 3498 bitus
408 3444 571 3515 negotiaque
588 3443 725 3503 virorum,
744 3462 800 3496 non
820 3445 1043 3517 pbilosophorum
1059 3458 1177 3511 tentum,
1197 3460 1244 3500 tut
1264 3457 1413 3500 oratorum-
1516 3469 1517 3526 ἦ

321 3541 518 3600 poetarumque
538 3528 618 3597 (quo
635 3527 786 3580 communis
806 3529 861 3582 lere
878 3529 1057 3604 interpretum
1077 3531 1204 3585 sententie
1229 3534 1312 3602 est),
1332 3528 1399 3584 deai-

324 3624 441 3684 gunntur
454 3631 460 3664 ε
477 3611 550 3684 quod
562 3612 618 3682 jem
629 3611 758 3664 monue're
769 3611 859 3666 Schol.
872 3624 899 3666 et
912 3613 1016 3668 Ferret.
1030 3613 1113 3669 delle
1125 3627 1190 3668 rest.
1204 3614 1268 3680 111,
1286 3621 1330 3678 ²⁴·

745 3798 978 3820 mmmm

358 3941 367 3967 ¹
387 3935 452 3982 Vide
462 3934 493 3982 nd
502 3935 627 3995 sttv111,
637 3936 838 4003 iooffleynesd
883 3939 948 3988 Plin.
962 3942 999 3998 ll,
1017 3955 1062 4000 ro,
1074 3955 1117 3989 seu
1129 3957 1162 4004 93
1176 3941 1277 4005 ltoentg.
1288 3939 1318 3987 sd
1328 3939 1394 3988 (lsr-

320 4014 390 4078 Virg.
400 4015 450 4062 llcl.
461 4015 720 4080 V111,69;ankh.
730 4018 838 4083 etVulp.
884 4020 950 4070 dien.
974 4021 1028 4078 lll,
1052 4029 1116 4083 1473
1137 4022 1247 4087 Lipaintn
1270 4021 1302 4069 ad
1321 4019 1392 4069 Taciti

321 4093 353 4142 sd
370 4094 460 4144 Tibull.
478 4098 505 4158 l,
521 4099 552 4156 8,
567 4114 614 4159 21,
631 4115 681 4158 ²23
698 4099 790 4164 Gierig.
806 4099 838 4147 sd
883 4097 1393 4169 Annales,lib.l,oep.28,etlilmenl1.ad

321 4173 395 4222 ond}
413 4175 472 4224 Met.
485 4177 552 4238 vn,
571 4194 637 4241 2⁰73
659 4179 784 4255 llsrdnin.
806 4180 838 4229 td
883 4181 979 4232 Minue.
989 4197 1043 4246 pag.
1057 4184 1113 4231 128.

1510 4829 1513 4965 l
