3130 4986
319 435 396 500 'IN
425 435 656 502 SATIRAM
683 435 974 502 SECUNDAM.
1136 445 1195 508 113

127 542 242 596 mudum
255 546 355 598 sanatis
365 587 373 612 ,
394 560 420 597 et
430 560 568 598 rnantanum
580 551 670 615 ‘uulgus
676 549 761 615 paritis
773 551 873 608 aratris,
885 550 978 603 relicto
989 568 1069 623 opere
1081 551 1197 620 norico,

127 641 149 677 te
157 631 267 688 adiret,
280 641 308 681 te
319 628 431 682 ridendi
442 629 618 702 audiendique
626 630 770 702 cupiditate
780 646 936 686 accurreret.
949 635 996 687 His
1006 647 1081 708 poeta
1090 629 1199 708 respon-

127 710 170 762 det
187 711 235 764 ista
253 731 281 764 v.
301 713 353 781 75,
368 717 412 782 76.
428 715 495 766 Vere
514 725 539 766 et
551 725 638 777 recte;
656 726 682 764 at
700 716 760 782 quid
774 720 982 782 rrorrprorlames,
1002 731 1099 790 quanto
1118 721 1200 792 magis

128 807 230 866 stupeas
239 814 352 848 necesse
364 809 419 857 est,
438 798 461 846 si
477 799 503 846 ira
522 815 616 864 corpore
626 797 718 864 judicis
728 799 818 848 videas
831 801 879 849 isra
896 801 1030 866 multicia,
1049 803 1201 856 vestimenta

130 877 258 949 ejusmodi
278 877 435 950 perlucida,
456 897 514 951 quse
531 897 565 932 ne
583 893 654 930 testes
667 877 774 950 quidem
788 883 885 940 decens,
906 881 1004 936 nedum
1021 883 1142 956 judices?
1159 886 1203 939 Sic

131 960 212 1011 ontio
220 961 307 1032 magis
316 961 410 1014 nitebit
419 999 426 1024 ,
435 979 514 1032 quum
524 962 545 1014 si
554 963 641 1014 omnia
654 962 709 1014 bisc
719 963 842 1018 tribueris
851 977 947 1035 poete,
957 978 982 1018 et
991 969 1110 1033 luditur,
1118 989 1144 1022 r.
1155 988 1203 1039 γι,

133 1039 164 1094 ad
183 1043 303 1096 multicia
323 1057 442 1116 spectare
455 1043 615 1110 crediderls;
636 1061 715 1116 qunm
733 1045 862 1098 rationem
880 1059 906 1100 et
926 1048 982 1120 ipse
998 1051 1061 1102 olim
1079 1064 1205 1122 sequutus

131 1143 205 1190 sum,
216 1145 327 1198 quaque
338 1126 452 1182 admissa
464 1125 587 1197 linguent
597 1127 688 1179 saltem
701 1147 792 1181 versus
804 1130 835 1200 75
847 1141 873 1182 et
884 1134 928 1200 76.
939 1132 1117 1200 -Editores,
1129 1148 1207 1207 qnot-

134 1221 196 1280 quot
209 1211 333 1262 consului
343 1251 351 1276 ,
364 1229 455 1262 versus
467 1215 570 1278 72-74
584 1208 635 1262 hoc
646 1227 723 1264 sensu
737 1226 881 1284 ceperunt:
896 1214 921 1266 0
932 1233 1011 1286 quam
1026 1216 1120 1290 dignus
1130 1219 1207 1272 bebi·

135 1306 177 1346 tus
195 1309 220 1346 et
237 1293 338 1365 juder,
359 1312 439 1366 quem
459 1306 576 1366 spectent
594 1293 674 1364 prisci
694 1295 732 1348 illi
749 1297 878 1364 Romani,
892 1299 991 1352 militias
1005 1313 1031 1354 et
1044 1304 1207 1374 agriculture

135 1377 246 1430 annoti!
262 1377 330 1441 Quae
341 1377 522 1450 interpretatio
532 1393 618 1446 neque
627 1375 669 1428 bis
677 1413 685 1440 ,
693 1395 779 1448 neque
789 1379 917 1450 proximis
929 1381 1017 1435 verbis
1028 1402 1151 1438 ruscum
1164 1388 1210 1455 75,

137 1465 180 1530 76,
196 1461 259 1512 tatis
271 1461 415 1525 convenit,
427 1459 547 1532 quamvis
560 1460 613 1512 buc
626 1459 783 1526 referantur,
797 1481 855 1532 quse
864 1461 898 1514 de
908 1482 973 1516 voce
984 1469 1055 1516 modo
1065 1468 1154 1520 notari
1168 1469 1210 1520 in·

139 1547 175 1598 lra
184 1544 218 1596 ad
230 1563 257 1597 r.
274 1547 334 1597 ¹60.
349 1543 492 1614 Displicttit
503 1544 581 1596 etiam
590 1542 746 1610 Heineckio,
760 1543 804 1596 cui
817 1555 903 1597 tamen
916 1563 973 1599 mea
990 1549 1139 1620 (antiquior
1156 1551 1211 1616 illa,

137 1647 196 1702 que
206 1628 296 1680 onmia
308 1627 418 1700 quidem
431 1627 564 1679 tribuebat
573 1639 672 1698 poete,
682 1644 736 1679 non
747 1645 810 1679 vero
823 1627 856 1680 ad
868 1629 968 1700 priscos
979 1630 1108 1684 referebat
1119 1633 1212 1685 lloma·

137 1715 196 1778 nos)
209 1710 317 1764 videtur
327 1710 413 1763 multo
423 1713 507 1782 pejor.
518 1709 648 1762 audiatur
659 1710 747 1782 itaque
758 1722 867 1764 octavus
877 1713 1035 1786 sapientum,
1046 1717 1121 1786 cujus
1133 1718 1213 1770 rerba

138 1807 199 1850 suut
208 1793 285 1846 bac:
302 1819 313 1840 ·
325 1794 432 1847 Mecum
444 1793 482 1845 sic
495 1792 652 1864 interpungo
665 1805 690 1846 et
700 1794 801 1865 explica
813 1813 820 1848 ι

375 1923 380 1934 .
391 1887 520 1935 ...Nudus
532 1903 594 1950 agas.
611 1889 690 1934 Minus
703 1899 738 1934 est
750 1890 841 1936 insania
852 1891 945 1952 turpis?

372 1964 410 2009 Eu
422 1961 544 2015 habiturn,
556 1977 605 2022 quo
617 1971 640 2008 te
652 1962 760 2024 leges...
770 1997 776 2010 .
879 2029 883 2037 Ι

752 2061 757 2071 .
767 2059 773 2072 ,
782 2059 788 2072 ,
798 2061 803 2071 .
813 2038 904 2074 aratris.

375 2099 457 2158 Quid?
468 2115 516 2146 non
528 2099 673 2162 proclemes.
686 2099 837 2161 incorpore,
850 2111 894 2148 etc.

142 2187 170 2240 id
178 2200 230 2252 est,
239 2199 269 2240 tu
279 2186 371 2258 potius
380 2185 468 2238 nudus
477 2204 525 2256 age
532 2205 650 2239 caunum
659 2199 740 2238 tuam.
751 2186 947 2258 llisrespondet
953 2189 1087 2242 Creticus:
1098 2187 1168 2261 Ergo
1175 2209 1218 2244 me

144 2273 262 2324 manum
276 2288 333 2322 esse
347 2270 406 2333 vis,
424 2281 503 2340 atque
516 2269 566 2322 boc
580 2269 667 2321 minus
681 2279 758 2339 turpe
767 2281 853 2340 putas.
872 2270 994 2324 Profecto
1012 2272 1056 2322 tali
1068 2272 1159 2325 babitu
1176 2293 1218 2328 me

142 2373 219 2408 nemo
230 2353 281 2407 bac
294 2364 451 2423 tempestate
462 2351 554 2404 audire
566 2352 704 2404 sustineret
715 2371 723 2416 ;
736 2353 760 2404 si
772 2369 860 2404 coram
871 2353 964 2423 priscis
978 2353 1028 2405 illis
1038 2373 1158 2424 agerem,
1171 2360 1218 2429 qui

143 2438 238 2510 sepius
247 2439 275 2488 iu
288 2437 376 2488 forum
387 2434 421 2488 ad
431 2453 534 2488 caussas
544 2433 686 2488 audiendas
695 2435 768 2486 ibant
776 2437 847 2486 modo
858 2437 972 2498 victores,
981 2434 1010 2487 id
1018 2449 1070 2500 est,
1080 2435 1218 2492 redeuntes

144 2543 176 2576 es
189 2541 278 2594 pugna
291 2561 299 2586 ,
314 2520 362 2572 ubi
377 2520 492 2572 victores
507 2519 609 2570 lucrant
623 2517 798 2586 (notissimum
810 2519 880 2569 enim
891 2529 943 2582 est,
958 2518 1033 2570 initio
1044 2519 1154 2571 Romani
1168 2523 1219 2574 irn-

144 2607 211 2679 perii
228 2605 296 2658 bella
311 2605 409 2675 sepius
420 2621 474 2654 uuo
484 2643 492 2670 ,
504 2602 630 2673 paucisve
641 2601 735 2655 dicbus
748 2602 820 2653 finita
833 2620 904 2666 esse,
920 2603 1086 2675 populusque
1099 2605 1179 2675 igitur
1192 2607 1219 2659 in

145 2695 233 2744 forum
244 2691 317 2752 ibat,
329 2687 376 2739 ubi
388 2687 480 2759 paullo
491 2697 567 2750 ante,
581 2688 653 2736 modo
665 2686 745 2734 victor
754 2685 850 2736 exstitit
860 2689 1000 2736 uulneribus
1013 2687 1099 2741 adbuc
1108 2693 1218 2760 crudis);

145 2777 167 2830 si
181 2793 270 2828 ocrem
286 2773 355 2837 illis,
369 2784 394 2822 et
405 2782 533 2842 presente
543 2769 590 2821 illo
600 2780 723 2819 montano
734 2768 835 2838 populo
847 2771 857 2836 (
862 2768 964 2820 Sabinis
977 2771 1066 2822 tetrica
1081 2789 1126 2824 sua
1139 2773 1220 2826 disci·

147 2859 252 2930 plina),
271 2856 319 2926 qui
338 2853 372 2904 ab
385 2865 472 2906 sratro
484 2850 517 2903 ad
531 2849 632 2921 negotia
647 2849 733 2901 civilia
750 2850 921 2915 vocabantur,
934 2851 990 2902 cic,
1005 2851 1038 2902 de
1051 2853 1152 2906 Senect.
1171 2857 1220 2922 16,

147 2945 225 2992 rehu
237 2942 262 2988 ia
273 2940 390 2988 Prwdas
403 2950 428 2986 ec
439 2936 541 2984 Pollitas
547 2951 701 3000 perorarem,
716 2947 767 2982 non
780 2949 830 3001 pro
844 2931 934 2984 insano
948 2930 1072 2999 haberer,
1086 2935 1157 3005 quod
1171 2955 1221 2990 no·

146 3023 205 3076 stris
215 3019 380 3091 temporibus
386 3035 465 3069 secus
474 3027 521 3068 est.
534 3014 611 3066 Poeta
623 3014 726 3066 Cretico
735 3012 890 3084 respondet:
906 3017 991 3081 Quid?
1004 3033 1065 3087 ergo
1076 3018 1121 3070 tali
1131 3019 1222 3073 babitu

148 3117 174 3157 te
185 3121 256 3156 nunc
270 3103 356 3154 insani
374 3100 488 3172 speciem
506 3115 560 3150 non
573 3097 731 3149 evitaturum
749 3109 841 3168 putas,
858 3109 951 3150 arnon
962 3102 1114 3166 proclames,
1136 3121 1223 3156 nonne

147 3199 244 3240 teman
258 3196 285 3235 et
295 3183 388 3235 eaelum
402 3198 523 3245 moveas,
544 3181 566 3234 si
583 3199 628 3244 ea,
647 3182 743 3252 quibus
761 3194 791 3232 tu
808 3180 915 3234 indutus
927 3200 971 3247 es,
988 3185 1052 3246 ista,
1071 3185 1224 3257 incorpore

146 3269 244 3341 judicis
257 3263 368 3318 videas?
386 3263 606 3334 significationem
623 3265 694 3316 vocis
712 3267 789 3314 nudas
805 3282 858 3315 non
873 3264 1014 3336 ungendam
1033 3285 1088 3320 esse
1101 3281 1183 3340 puto,
1200 3271 1223 3322 si

148 3351 257 3425 quidem
275 3353 354 3400 audin
371 3348 468 3418 saepius
478 3345 587 3410 dicitur,
601 3351 647 3416 qni
661 3345 741 3398 modo
751 3348 839 3399 tunica
856 3346 963 3401 indutus
975 3360 1022 3402 est,
1043 3351 1140 3403 Confer
1156 3353 1225 3406 Bur·

149 3451 277 3487 mannam
293 3432 328 3486 sd
342 3431 447 3483 Petron.
460 3448 518 3500 cap.
532 3445 576 3496 9²·
592 3429 693 3481 Tunica
707 3447 769 3481 vero
778 3428 812 3481 ad
822 3428 963 3481 dicendum
977 3432 1138 3502 procedere,
1152 3437 1225 3489 nefas
1312 3422 1315 3432 ¹

151 3517 309 3582 habebatur,
329 3526 354 3568 et
370 3515 411 3567 vel
428 3515 455 3566 in
470 3526 528 3583 toga
542 3513 592 3564 rite
605 3512 785 3583 componenda
797 3512 911 3564 accurati
922 3525 995 3565 eraut
1009 3513 1116 3569 dicturi.
1129 3518 1227 3573 Confer

152 3603 307 3674 interpretes
323 3598 357 3652 sd
369 3598 502 3664 Plinium,
516 3597 566 3668 Ep.
580 3594 624 3660 ll,
643 3593 668 3646 3.
683 3619 694 3638 ι
713 3595 784 3665 Ergo
798 3592 849 3646 boc
862 3607 899 3646 est
914 3599 1021 3667 sapere!
1038 3597 1106 3650 Mibi
1119 3601 1227 3672 quidem

152 3699 176 3740 et
189 3687 265 3750 tm,
277 3703 352 3756 paene
363 3682 451 3734 omnia
462 3721 469 3747 ,
482 3693 507 3732 et
517 3699 546 3732 ea
558 3719 565 3746 ,
577 3697 637 3750 qun
646 3690 736 3730 contra
749 3696 792 3729 me
801 3677 944 3750 disputavit
957 3681 997 3734 vir
1009 3681 1120 3748 doctus,
1134 3687 1229 3740 multas

152 3771 187 3822 ob
203 3785 326 3830 caussas,
346 3782 412 3836 quas
430 3781 575 3816 memorare
592 3761 659 3813 nihil
678 3761 786 3826 attinet,
808 3779 861 3811 non
876 3761 963 3814 minus
980 3764 1077 3816 absona
1095 3765 1229 3836 videntur,

151 3871 230 3926 quarn
242 3851 281 3902 illi
296 3867 371 3913 mee,
388 3849 529 3919 licebitque
548 3845 572 3898 ei
589 3863 718 3916 reponere
732 3843 820 3908 idem,
835 3844 907 3914 quod
923 3845 990 3897 mini
1007 3845 1091 3900 dixit:
1106 3850 1134 3900 Si
1146 3851 1227 3905 Jnre.

153 3939 217 3992 nelis
224 3937 281 3988 boc
289 3947 316 3987 et
324 3933 446 3990 dixisset,
458 3943 483 3982 et
493 3935 526 3982 ita
536 3929 719 4001 expressisset,
733 3927 829 3998 quovis
839 3928 924 3979 tirone
935 3931 1010 4000 pejus
1020 3929 1169 3988 balbutiret.
1181 3937 1230 3987 Ju-

152 4019 239 4072 dicent
253 4021 332 4072 uobis
346 4015 494 4071 acutiores!

188 4168 258 4214 Vn.
277 4181 321 4226 pa.
337 4163 378 4209 Me
390 4159 508 4225 suspicari
522 4156 602 4222 possis
617 4171 662 4218 pro
674 4166 705 4204 tr.

238 4247 266 4309 l.
