3148 4990
513 413 701 478 SATIRA
729 413 907 480 PRIMA.
1205 417 1243 482 13

172 527 257 616 Quis
273 525 420 595 totidem
437 528 547 596 erexit
561 526 677 597 villas?
692 528 766 622 quis
782 526 907 598 fercula
922 543 1050 623 septem

171 637 307 705 Secreto
324 637 474 705 coenavit
490 635 593 705 avus?
608 661 700 707 nuuc
716 636 867 731 sportula
882 638 990 731 primo
1211 654 1244 723 95

174 745 303 813 Limine
319 769 425 839 parva
441 744 553 831 sedet,
570 747 677 814 turbae
694 746 855 840 rapienda
871 762 1002 841 togatae.

173 852 232 922 Ille
251 869 363 922 tamen
380 853 504 924 faciem
521 855 615 948 prius
632 855 784 948 inspicit,
801 870 837 925 et
853 856 1016 950 trepidat,
1034 882 1075 925 ne

174 967 374 1061 Suppositus
390 967 521 1052 venias,
538 991 577 1036 ac
594 964 676 1043 falso
693 965 831 1034 nomine
847 991 975 1061 poscas.

176 1075 324 1169 Agnitus
340 1074 494 1168 accipies.
510 1073 612 1142 lubet
628 1096 647 1140 a
663 1097 818 1166 praecone
834 1077 948 1144 vocari

176 1185 271 1276 Ipsos
286 1183 498 1277 Trojugeuas
516 1207 524 1249 ι
542 1205 619 1250 uam
635 1195 758 1248 vexant
774 1178 876 1250 limen
893 1199 927 1252 et
943 1185 1006 1278 ipsi
1199 1213 1247 1250 roo

176 1295 373 1363 Nobiscum.
391 1295 444 1360 Da
460 1291 617 1377 Praetori,
634 1289 678 1358 da
693 1288 815 1358 deinde
831 1289 1000 1363 Tribuno!

176 1402 242 1472 Sed
258 1401 439 1471 libertinus
454 1400 551 1495 prior
567 1414 617 1468 est
635 1424 643 1467 :
661 1399 774 1493 prior,
792 1399 919 1493 inquit,
936 1425 1000 1496 ego
1016 1400 1142 1472 adsum.

175 1515 246 1583 Cur
262 1514 398 1582 timeam
414 1510 608 1580 dubitemve
625 1507 737 1578 locum
753 1507 953 1595 defendere,
969 1512 1121 1603 quamvis

176 1624 284 1694 Natus
300 1621 342 1690 ad
358 1621 587 1716 Euphratem,
604 1617 721 1688 molles
737 1617 829 1712 quod
846 1618 881 1686 in
898 1642 978 1687 aure
995 1619 1149 1690 lenestrae

177 1731 379 1826 Arguerint,
396 1730 477 1800 licet
493 1732 565 1825 ipse
582 1726 726 1824 negem?
742 1726 801 1796 sed
816 1727 968 1821 quinque
984 1729 1130 1800 tabernas
1199 1744 1248 1798 105

176 1841 436 1936 Quadringenta
452 1854 581 1935 parant.
598 1838 692 1928 Quid
709 1838 840 1907 confert
857 1864 1008 1934 purpura
1022 1842 1130 1934 major

177 1950 395 2045 Optandum,
410 1950 439 2019 si
455 1950 617 2020 Laurenti
634 1948 783 2021 custodit
798 1949 833 2017 in
848 1972 931 2046 agro

175 2119 260 2190 dere,
279 2130 309 2176 et
323 2128 433 2176 vestem
446 2119 570 2189 famulo,
587 2137 674 2194 quem
689 2119 780 2194 frigus
794 2116 925 2190 conficit,
942 2119 1069 2176 debitam
1085 2119 1249 2195 denegare?

175 2212 249 2282 Quis
259 2212 402 2285 majorum
413 2224 581 2269 nostrorum
595 2222 641 2268 tot
651 2211 732 2268 villas
746 2210 912 2284 aedificavit,
926 2224 997 2288 quot
1010 2213 1112 2288 passim
1124 2213 1183 2286 jam
1198 2233 1250 2270 ex-

173 2305 347 2362 struuntur?
359 2304 424 2378 quis
435 2323 536 2361 eorum
548 2305 578 2360 in
589 2304 704 2362 secretis
715 2304 815 2374 etiam,
827 2323 859 2362 ac
869 2306 1002 2380 privatis,
1012 2306 1064 2362 ubi
1074 2307 1146 2382 gulae
1156 2306 1251 2362 indul-

174 2409 261 2474 getur
276 2399 369 2456 multo
390 2397 525 2468 libefius,
545 2398 646 2467 coeuis,
661 2399 769 2456 diversi
784 2400 896 2474 generis
916 2400 1002 2476 dapes
1021 2412 1130 2476 septem
1145 2403 1250 2459 mensis

175 2490 329 2566 apposuit?
344 2490 463 2547 clientes
477 2508 544 2546 suos
555 2489 602 2545 avi
615 2489 709 2546 nostri
723 2490 821 2548 eadem
837 2509 932 2548 secum
946 2493 1123 2566 accipiebant
1137 2512 1249 2564 merua3

176 2600 255 2638 nuuc
266 2581 321 2638 illis
333 2581 365 2638 in
380 2581 484 2638 domus
497 2581 642 2638 vestibulo
658 2593 757 2658 parata
769 2594 812 2640 est
825 2583 927 2659 exigua
939 2585 1083 2658 sportula,
1096 2605 1183 2660 msam
1197 2585 1251 2642 mi-

176 2673 234 2730 sen'
245 2685 310 2749 post
323 2674 452 2732 attritam
464 2673 630 2730 cursitando
641 2674 850 2749 salutandoque
863 2687 975 2750 togam,
991 2675 1075 2732 avide
1088 2677 1250 2752 raptimque

175 2767 322 2837 auferant,
331 2785 363 2822 ac
375 2785 412 2824 ne
422 2765 541 2842 quidem
551 2766 613 2822 siue
624 2765 674 2822 lite
686 2776 715 2822 et
726 2766 834 2823 labore.
846 2769 897 2824 Est
905 2768 955 2843 qui
967 2778 1049 2824 tuum
1059 2787 1092 2824 os
1104 2768 1251 2828 intueatur

177 2858 348 2934 diligenter,
361 2870 514 2933 antequam
527 2857 684 2932 sportulam
695 2857 847 2933 largiatur,
861 2869 991 2916 metuens
1002 2860 1153 2930 videlicet,
1170 2880 1206 2918 ue
1219 2873 1251 2918 tu

177 2950 209 3005 in
223 2950 337 3007 alterius
349 2951 447 3008 venias
462 2951 573 3016 locum,
591 2959 676 3022 teque
689 2948 823 3006 clientem
837 2969 897 3008 esse
914 2951 1069 3008 mentiaris.
1091 2951 1151 3009 Ubi
1167 2971 1248 3010 com-

177 3051 296 3115 pertum
310 3039 409 3112 buerit,
424 3041 474 3116 qui
488 3039 539 3112 sis,
558 3058 617 3114 quo
629 3039 695 3112 jure
710 3043 871 3114 sportulam
885 3054 980 3118 petas,
996 3055 1066 3100 tuuc
1077 3063 1109 3100 ea
1125 3045 1250 3102 dabitur.
1356 3081 1360 3087 ·

179 3135 334 3191 Praeclarus
348 3135 397 3191 ille
413 3145 553 3209 patronus
567 3152 621 3209 per
636 3152 797 3208 praecouem
814 3135 930 3192 arcessit
948 3135 1093 3211 principes
1112 3137 1250 3208 civitatis,

178 3227 216 3281 ab
224 3227 349 3300 antiquis
358 3227 414 3282 illis
423 3225 555 3299 Troianis
565 3235 660 3295 ortos;
671 3245 737 3282 nam
746 3225 801 3300 ipsi
811 3245 928 3301 quoque
938 3246 993 3301 pro
1003 3227 1115 3284 loribus
1125 3228 1155 3282 in
1164 3227 1252 3284 clien-

180 3320 253 3376 tium
268 3321 353 3376 turba
368 3319 491 3376 conferti
507 3329 539 3375 et.
550 3317 652 3374 obnixi
667 3319 789 3376 adstant.
805 3321 872 3374 «Da
885 3319 1044 3393 sportulam
1058 3321 1176 3394 praetori
1188 3319 1251 3394 pri-

179 3431 276 3482 mnm;
287 3412 325 3467 da
334 3411 439 3469 deiude
450 3411 569 3467 tribuno
578 3435 590 3462 υ
598 3451 606 3479 ,
615 3411 655 3466 ait
664 3423 815 3486 patronus:
826 3412 877 3469 sed
886 3431 950 3468 cum
960 3411 1016 3468 illis
1025 3423 1134 3488 pugnat
1140 3413 1252 3468 liberti-

179 3523 249 3570 nus;
262 3514 349 3560 «ante
358 3504 438 3573 illos,
451 3505 603 3574 exclamat,
615 3503 671 3560 huc
680 3504 799 3577 accessi3
812 3504 847 3559 da
858 3501 930 3558 mibi
938 3501 1047 3578 priori:
1060 3504 1124 3576 quis
1134 3504 1205 3558 mihi
1215 3503 1252 3559 sit

179 3597 290 3672 pudor,
303 3606 353 3652 aut
367 3596 471 3672 religio
485 3597 559 3652 tueri
573 3598 650 3653 hunc
662 3615 748 3672 quem
759 3594 898 3670 occupavi
909 3596 1021 3663 locum,
1033 3595 1100 3651 licet
1112 3594 1252 3651 oriundus

178 3692 231 3748 sim
240 3711 274 3746 ex
283 3691 356 3746 urbe
365 3691 402 3746 ad
411 3689 586 3764 Euphratem
595 3691 774 3764 sita‚meque
782 3707 897 3745 servum
905 3707 980 3758 esse,
989 3687 1014 3744 si
1023 3706 1128 3764 negare
1136 3688 1252 3760 vellem,

179 3785 246 3840 satis
255 3783 397 3840 indicaret
408 3801 441 3838 ac
452 3782 590 3856 probaret
600 3783 712 3840 aurium
725 3782 867 3857 perforata
880 3800 945 3856 pars
962 3781 1036 3837 ima?
1048 3799 1147 3836 verum
1161 3781 1253 3838 taber·

180 3896 230 3933 nas
242 3877 371 3952 quinque
385 3876 479 3933 habeo
491 3876 521 3932 in
534 3877 619 3946 urbe,
632 3895 755 3951 quarum
766 3895 801 3932 ex
815 3893 909 3930 annua
920 3874 1059 3948 pensione
1074 3871 1197 3930 conficio
1208 3894 1252 3930 se-

181 3969 278 4025 stertia
287 3968 507 4044 quadringenta.
520 3968 598 4038 Quid
608 3968 693 4024 habet
700 3969 760 4042 ipsa
771 3966 912 4024 senatoria
924 3965 1061 4041 dignitas,
1074 3985 1162 4039 quare
1172 3978 1251 4023 tanto

180 4071 331 4135 expetatur
347 4079 455 4134 opere,
478 4061 501 4116 si
524 4059 641 4133 quidem
665 4060 808 4118 Corvinus
828 4078 864 4115 ex
879 4057 1058 4133 amplissimis
1074 4060 1252 4116 senatoribus

179 4152 306 4230 genitus,
325 4173 362 4212 eo
381 4152 515 4210 redactus
530 4162 572 4210 est
591 4152 711 4228 inopia,
732 4164 765 4210 ut
781 4149 880 4210 orium
896 4169 1014 4230 gregem
1030 4151 1204 4210 conductum
1220 4149 1253 4206 in
