3056 4984
291 525 298 534 .
347 473 400 538 IN
424 471 656 539 SATIIIAM
678 472 934 556 QUINTAM.
1109 473 1169 538 325

123 580 173 636 inde
185 583 270 636 tubam
283 583 394 635 Romam
408 582 480 635 etad
495 602 537 636 me
550 583 694 640 mittantur.
709 584 814 636 Tubero
826 584 948 638 Africana
962 583 1054 637 ceteris
1066 597 1172 656 presta·

123 665 188 730 baut,
198 677 222 717 et
231 668 296 732 Misy
305 667 483 730 vocabantur;
498 665 552 720 vid.
564 666 633 720 Pliu.
645 666 726 731 XIX,
738 668 769 732 33
782 668 893 720 Martial.
907 667 990 734 XIII,
1005 673 1038 730 Ia
1052 680 1078 720 et
1090 667 1132 730 43.

150 761 211 814 Nor.
232 779 291 814 120.
307 762 383 815 Carni.
397 763 451 828 XI,
469 763 516 816 136
529 782 583 834 seq.
600 775 625 816 et
637 763 711 836 Lips.
731 763 783 817 Sat.
801 763 885 816 Serm.
897 765 943 828 II,
959 783 983 816 2.
1000 769 1173 816 Structsrser-

122 864 172 912 sns,
181 845 224 916 qui
233 865 285 898 non
296 847 375 900 modo
385 866 485 901 mensas
495 859 619 920 apparat,
631 846 783 919 iaculaque
788 847 881 900 ordine
888 867 917 901 ac
925 847 1063 902 commode
1069 849 1096 899 iu
1104 865 1175 900 men·

122 929 151 982 sis
161 930 231 982 struit
244 929 272 982 h.
286 948 310 982 e.
325 929 442 1002 disponit
453 944 479 984 et
491 931 615 992 collocat,
629 930 729 1002 quique
749 929 872 982 Petronio
890 932 1017 982 instmceor
1023 933 1176 1000 serculorum

122 1010 206 1064 dicitur
218 1013 306 1080 (conl.
321 1014 394 1078 vn,
409 1016 457 1077 ast
466 1012 479 1078 ,¹
487 1031 545 1085 qun
558 1013 665 1086 propria
678 1013 753 1066 verbi
764 1013 804 1066 vis
816 1015 889 1082 est),
904 1013 950 1067 sed
967 1014 1062 1080 etiam,
1077 1026 1106 1066 ut
1118 1013 1175 1078 XI,

124 1093 175 1158 135,
187 1105 212 1146 et
222 1093 273 1154 al,
286 1095 334 1166 qui
344 1093 417 1148 cibos
428 1095 537 1161 scindit,
549 1107 575 1147 et
586 1095 665 1164 vulgo
678 1108 777 1162 carptor
787 1095 845 1164 (lx
855 1135 862 1160 ,
878 1112 926 1148 110
934 1098 957 1165 )‚
967 1097 1010 1148 vel
1020 1115 1122 1162 caman,
1135 1097 1176 1148 vel

122 1179 227 1228 scissoret
235 1178 401 1228 clreironcmon
412 1176 544 1242 dicitur,a
558 1195 612 1249 quo
625 1188 711 1228 tamen
723 1175 775 1230 hoc
788 1177 847 1230 loco
860 1176 985 1248 distingui
999 1176 1111 1230 videtur.

154 1321 211 1368 Vn.
232 1337 290 1369 121.
301 1323 411 1386 Spectas,
427 1324 468 1382 13,
483 1338 521 1383 17,
534 1337 574 1385 19,
584 1337 625 1380 20,
636 1337 682 1382 22,
694 1323 736 1382 23,
747 1325 789 1380 25,
799 1337 841 1382 27,
855 1322 968 1382 15-50,
983 1323 1094 1385 54—69,
1108 1339 1176 1383 71-

123 1409 158 1464 7I.
171 1403 267 1460 Videas,
286 1413 317 1460 ιι
343 1421 385 1463 21,
400 1413 442 1460 at.
454 1430 490 1441 -
505 1402 705 1465 Obimnomama,
721 1421 760 1465 11,
775 1405 805 1451 31
817 1404 842 1451 b.
854 1407 897 1464 16,
908 1413 949 1467 ‘092
963 1405 996 1462 54
1007 1405 1087 1470 (conl.
1096 1406 1177 1453 Gisau.

122 1485 169 1534 lud.
181 1489 273 1535 lueret.
284 1439 513 1551 vi'Aclsrrmta).
528 1484 727 1545 ctimnomanta,
740 1495 782 1545 ιι,
796 1487 835 1548 15,
844 1502 890 1547 22,
900 1488 932 1534 2³
943 1503 956 1534 a
966 1503 998 1534 m.
1008 1503 1055 1535 sec.
1065 1503 1107 1549 27,
1117 1496 1159 1547 47.

150 1575 211 1628 Nor.
233 1593 293 1628 121.
310 1577 486 1627 Cleimnomon
500 1594 547 1629 seu
561 1575 752 1640 chironomon,
766 1573 927 1643 χειμισμῧι,
942 1575 1012 1628 idem
1026 1573 1099 1647 quod
1111 1577 1177 1625 clei-

122 1673 237 1715 rnscmus,
256 1647 417 1728 χιιροιᾶμις,
438 1655 484 1727 qui
498 1665 567 1707 certa
580 1651 693 1725 quadam
706 1654 762 1726 lege
776 1646 873 1723 (ripae)
887 1666 912 1706 et
925 1653 959 1706 ad
970 1672 1110 1706 nnmerum
1121 1671 1176 1705 rna·

120 1751 163 1786 nus
173 1734 298 1787 concinne
312 1734 414 1786 motitat
427 1726 529 1806 (gripes
541 1725 646 1803 νέμοι),
663 1732 699 1784 ita
714 1745 743 1785 ut
756 1734 879 1788 continue
893 1733 1071 1805 gesticuletnr,
1085 1751 1175 1805 propr.

120 1812 302 1884 pantomimus,
320 1813 414 1868 histrio
431 1804 606 1884 (χειροιᾶμος,
622 1800 748 1884 imas-ris
759 1810 908 1884 Hesych),
926 1824 953 1863 et
970 1811 998 1862 lr.
1018 1811 1036 1863 l.
1057 1812 1177 1864 ciborum

108 1908 201 1948 ¹sector.
219 1895 305 1961 Nam,
324 1907 387 1949 teste
405 1893 509 1950 Petron.
528 1894 578 1948 36:
597 1894 717 1947 «Scissor
736 1893 769 1946 ad
782 1895 966 1967 symphoniam
979 1895 1013 1946 ita
1025 1895 1178 1965 gesticulans

120 1981 204 2034 lacem
211 1981 369 2053 opsonium,
380 1993 411 2033 ut
421 1991 496 2053 putes
508 1980 617 2034 Darium
629 1977 759 2053 hydraule
771 1993 890 2034 cantante
901 2000 1036 2053 pugnam
1047 2005 1058 2027 ι
1072 1980 1178 2034 uudeb.

120 2065 135 2116 Ι.
146 2070 277 2126 saltantem,
292 2065 320 2117 b.
332 2084 356 2118 e.
369 2065 566 2138 gesticulantem
576 2103 584 2128 ,
594 2080 653 2136 qun
664 2063 779 2117 solennis
790 2065 865 2118 verbi
875 2065 949 2117 notio
957 2076 983 2116 et
991 2063 1052 2117 satis
1061 2075 1120 2115 nota
1131 2075 1177 2115 est.

121 2150 203 2203 mlius
211 2151 339 2222 pretiosas
349 2167 411 2202 aves
423 2149 532 2216 scindit,
547 2161 588 2215 et,
602 2167 650 2222 per
659 2160 750 2221 pectus
761 2167 791 2201 ac
804 2148 893 2201 clunes
905 2147 983 2200 certis
992 2145 1114 2199 ductibus
1127 2146 1179 2199 cir-

120 2232 256 2285 curules-ens
267 2231 398 2284 eruditam
407 2249 532 2298 manum,
546 2232 573 2284 in
585 2231 666 2284 frusta
678 2231 793 2285 excutit:
808 2230 916 2296 infelix,
935 2229 982 2301 qui
998 2229 1061 2282 huic
1079 2229 1125 2280 uni
1142 2228 1181 2280 rei

121 2313 194 2378 risit,
206 2327 234 2366 nt
245 2313 328 2365 altilia
339 2311 462 2366 decenter
472 2326 557 2378 secet3
571 2313 621 2366 nisi
634 2311 707 2384 quod
720 2311 841 2364 miserior
853 2323 891 2364 est
901 2352 908 2377 ,
919 2311 966 2382 qui
978 2310 1030 2362 lroc
1040 2309 1180 2381 voluptatis

120 2413 198 2448 caussa
207 2395 299 2455 docet,
313 2413 392 2467 quam
403 2395 450 2466 qui
459 2395 618 2450 necessitatis
627 2395 721 2459 discit3
732 2421 743 2441 ι
756 2394 846 2447 senec.
857 2395 906 2465 Ep.
918 2398 961 2462 117.
972 2392 1049 2446 Cous.
1062 2392 1129 2444 Plin.
1139 2392 1182 2455 X,

121 2479 160 2538 50,
172 2496 216 2532 sen
227 2496 259 2548 71
273 2489 343 2530 extr.
358 2489 384 2530 et
396 2478 464 2530 infra
476 2478 510 2530 sd
522 2478 580 2544 VI,
593 2477 639 2544 63,
654 2490 680 2531 et
691 2478 748 2542 XI,
762 2484 818 2540 140.
831 2509 867 2518 -
883 2479 983 2528 Volauti
994 2495 1055 2530 cum
1067 2481 1179 2538 cultello,

119 2579 189 2632 qnam
199 2560 260 2631 agili
271 2575 354 2612 manu
364 2573 450 2613 versat
460 2561 564 2612 scissm.
578 2589 615 2600 -—
626 2559 705 2612 Notat
721 2560 816 2612 Lubin.
831 2559 882 2612 boo
900 2561 959 2612 loco
974 2570 1114 2612 structores
1127 2578 1182 2612 esse

118 2643 220 2715 Apuleio
231 2642 394 2708 diribitores,
403 2642 449 2713 qui
461 2641 570 2701 fercula.
588 2659 731 2712 puerorum
742 2641 862 2694 manibus
872 2641 963 2702 allata,
977 2640 1114 2693 commode
1126 2641 1180 2694 dis·

119 2727 256 2797 ponebant,
269 2726 450 2791 collocabant,
463 2738 488 2778 et
496 2725 611 2796 quodam
620 2723 694 2796 quasi
704 2723 822 2794 corporis
831 2722 961 2794 tripudio,
974 2741 1099 2776 manuum
1109 2736 1182 2797 gestu

118 2807 252 2862 admodum
264 2809 372 2873 festivo,
385 2809 474 2861 omnia
486 2807 594 2879 opsonia
608 2807 732 2878 singulari
745 2806 856 2858 artificio
870 2825 900 2860 ac
909 2805 1004 2860 decore
1012 2807 1179 2878 digerebant:

117 2893 186 2946 struit
193 2894 263 2946 enim
272 2891 398 2946 diribitor
406 2891 573 2953 convivium,
586 2902 616 2943 ut
626 2892 768 2962 imperator
776 2889 868 2942 aciem.
880 2889 1112 2944 Choironomcntes
1120 2911 1183 2945 vero

116 2975 257 3038 artificiose,
267 2986 295 3028 et
305 2973 371 3026 mira
383 2973 507 3044 elegantia
518 2972 676 3044 solertiaque
685 2973 783 3026 fercula
792 2973 908 3048 apposita
919 2972 1071 3026 scindebant
1080 3015 1087 3040 ,
1097 2987 1123 3026 et
1131 2975 1184 3047 agi·

117 3057 171 3110 liter
186 3057 325 3112 cultellum
340 3057 368 3108 in
384 3075 464 3108 mauu
477 3057 625 3110 versabant.
646 3055 723 3108 Prior
736 3053 829 3126 gallice
841 3054 928 3108 mestre
936 3057 1039 3117 dldtel,
1056 3057 1185 3130 posterior

118 3141 200 3206 denset
205 3141 341 3190 tranctans
349 3151 466 3193 vocatur.
485 3137 535 3190 Ευ.

147 3286 210 3334 Van.
232 3301 294 3334 122.
308 3287 421 3350 Paragat
428 3285 557 3342 mandam
570 3287 595 3334 6.

146 3375 213 3429 Nor.
237 3393 301 3428 122.
316 3380 426 3444 Per-agat
435 3378 528 3428 dictata
537 3378 620 3428 omnia
629 3377 752 3444 magistri,
761 3377 806 3448 qui
817 3393 878 3429 eum
887 3388 954 3429 artes
964 3375 1037 3429 cibos
1047 3375 1182 3430 scindendi

116 3460 260 3534 iupergula
274 3477 322 3512 sna
336 3459 437 3514 docuit.
453 3460 532 3514 Cous.
549 3460 583 3514 ad
593 3461 648 3523 VI,
662 3462 763 3530 392,et
773 3461 827 3526 XI,
842 3459 890 3515 136
900 3478 955 3533 seq.
974 3490 1010 3502 -
1027 3465 1142 3526 Dictaea,
1157 3471 1185 3512 nt

115 3543 181 3616 apud
192 3543 288 3596 Horat.
300 3541 384 3618 Epist.
396 3543 425 3610 1,
438 3560 461 3609 1,
473 3542 517 3609 55,
529 3554 554 3598 et
566 3543 607 3610 18,
620 3543 659 3597 13.

146 3689 212 3737 Van.
234 3689 296 3737 123.
310 3686 359 3744 Ne,
375 3703 414 3750 19,
427 3689 469 3736 23.
483 3715 518 3727 -
533 3685 637 3754 Diffirt,
650 3703 691 3736 ao.

144 3781 213 3836 Nor.
238 3781 305 3843 123,
319 3787 378 3842 124.
392 3779 508 3832 Multum
521 3779 628 3832 interest
640 3778 861 3832 intersectionem
873 3778 968 3851 leporis
980 3777 1133 3850 etgalliuas,
1146 3781 1188 3831 vel

112 3867 258 3936 plurimum
268 3865 364 3930 refert,
380 3883 433 3937 qno
445 3863 527 3916 modo
537 3864 590 3917 cibi
600 3862 770 3917 dissecentur.
786 3861 935 3932 Utrumque
946 3863 1012 3914 forte
1023 3859 1091 3912 ridet
1102 3873 1187 3932 poeta.

144 3961 214 4015 Nor.
239 3961 292 4014 125
304 3979 359 4032 seq.
379 3960 435 4013 Alia
454 3960 564 4012 affertur
581 3978 688 4024 caussa,
704 3977 752 4011 cur
767 3974 848 4012 coense
865 3958 993 4010 nobilium
1011 3957 1187 4031 ditiornmque

112 4044 222 4097 vitandae
232 4043 306 4096 sint:
321 4045 415 4094 duceris
420 4047 525 4111 planta,
536 4041 649 4113 pedibus
661 4040 781 4106 traheris,
794 4054 820 4093 et
827 4059 928 4108 ponere,
939 4040 1053 4111 poneris,
1060 4043 1147 4109 sistas.
1160 4041 1187 4094 vi

113 4129 224 4199 ejicietis
242 4147 259 4181 e
277 4126 401 4190 triclinio,
419 4126 441 4178 si
461 4125 527 4178 forte
544 4125 611 4177 inter
628 4123 783 4178 coeuandnm
797 4125 900 4184 hiscere,
921 4142 950 4175 os
961 4123 1077 4195 aperire,
1097 4123 1124 4176 id
1136 4137 1188 4192 est,

112 4208 201 4282 loqui,
221 4227 305 4262 ausus
322 4207 413 4274 lucris,
423 4221 542 4276 tanquam
562 4209 652 4258 labeas
671 4209 719 4259 tria
736 4208 846 4268 acrama,
856 4207 908 4260 hoc
920 4219 973 4274 est,
989 4217 1111 4279 tanquam
1124 4221 1149 4261 et
1159 4221 1188 4260 tu
