3058 4988
405 436 458 501 sn
480 434 711 500 simeln
733 436 951 501 suxrsn.
1144 434 1208 518 ιιι

178 550 246 600 tu.
263 567 322 612 ¹7²·
339 551 388 609 Tu,
403 553 470 611 Dea,
481 568 549 616 pone
562 552 665 617 sagittus
678 568 710 600 ex
722 553 819 601 emend.
831 553 921 602 Graevii
931 562 1007 612 recte,
1020 551 1122 617 opinor,
1134 551 1214 600 edidit

141 629 252 681 lieunin.
263 650 337 698 ᾳιιιιιι
349 636 445 699 sequuti
456 651 549 686 sumus.
563 638 593 685 Iu
602 636 672 684 libris
681 645 733 684 tum
742 637 839 701 scriptis
849 646 901 684 tum
911 635 984 684 editis
990 635 1079 700 legitur
1086 645 1111 683 tu
1120 633 1214 702 depone

141 713 258 778 sagittas,
271 727 296 764 et
305 732 422 781 pronom.
434 728 460 765 tu
469 717 545 783 vulgo
554 717 586 765 sd
598 718 710 766 eumdem
720 717 792 766 deum
801 719 905 768 Diansm
914 718 1029 778 refertum
1038 731 1091 781 qne
1101 718 1163 766 ratio
1172 717 1214 765 ed·

141 797 243 844 modurn
251 797 312 847 dura
319 809 362 849 est.
369 800 438 849 Audi
447 810 528 848 tumen
537 799 716 849 Heiuechinm:
728 823 741 844 ι
747 801 867 866 Egregius
876 801 986 866 proiecto
994 800 1075 860 locus,
1083 800 1127 849 nbi
1133 800 1215 850 subita

140 882 319 930 sententiarum
332 883 475 946 contusio,
488 885 548 933 dnm
559 883 729 949 Amphionem
739 883 885 948 loquentem
896 884 992 932 inducit
1001 894 1085 949 poeta,
1098 884 1214 932 lectorem

141 963 232 1011 mirum
242 964 269 1013 in
279 967 381 1014 modum
390 966 479 1028 efficit,
491 978 519 1016 nt
526 983 585 1016 snm
594 968 622 1016 in
629 967 730 1032 optimis
738 968 866 1016 iuvenalis
874 983 926 1016 esse
935 977 1046 1016 ststusm.
1057 966 1157 1016 Mollem
1166 965 1215 1033 igi·

141 1058 181 1095 tur
190 1049 335 1115 interpretes
343 1068 399 1100 enm
406 1052 523 1100 intectum
532 1051 696 1118 reliquissent
706 1051 740 1100 lli
746 1067 813 1111 vero,
822 1051 957 1116 elegantem
965 1051 1086 1116 loquendi
1094 1051 1214 1100 rationem

140 1145 195 1178 uon
205 1131 375 1197 intelligentes,
385 1133 515 1183 lectionem
526 1135 618 1199 optime
631 1151 656 1182 se
668 1134 800 1183 habentem
812 1135 979 1184 sollicitavere.
997 1135 1032 1180 Τιι
1044 1150 1097 1184 non
1107 1135 1215 1183 referen·
1309 1146 1320 1155 ‘

140 1213 200 1261 dum
209 1214 242 1262 ed
251 1216 367 1278 Disnsm,
379 1217 423 1266 sed
432 1217 463 1264 ad
472 1216 613 1281 Apollinem
621 1255 629 1280 ,
639 1219 683 1282 qui
691 1219 814 1282 prsecedit.
826 1222 857 1268 ln
865 1219 905 1268 his
914 1229 938 1268 et
947 1217 1068 1267 similibus
1076 1234 1215 1283 pronomen

140 1306 165 1341 ns
176 1296 297 1345 abundat.
308 1300 379 1347 Coni.
389 1300 441 1361 XI,
453 1300 484 1346 32
494 1316 502 1359 ς
514 1299 600 1347 Senes.
612 1301 686 1348 llere.
695 1301 741 1351 lur.
752 1303 819 1361 ΧΠ,
829 1302 875 1362 48;
885 1303 976 1350 buoso.
988 1303 1028 1360 11,
1038 1301 1089 1364 639
1098 1336 1105 1361 ,
1114 1311 1138 1347 et
1148 1301 1214 1366 inpr.

141 1381 221 1430 Benth
231 1383 264 1432 sd
275 1385 360 1432 llornt.
369 1385 418 1432 0d.
428 1387 453 1444 1,
463 1401 487 1448 9,
501 1401 540 1446 ¹7·
553 1384 692 1448 Apollinem
703 1395 784 1434 eutem
793 1385 853 1434 dnm
865 1395 937 1449 poete
949 1383 1091 1448 elloqnitur,
1104 1383 1217 1449 intelligit

140 1465 214 1513 etiam
225 1467 344 1526 Dianam,
358 1483 412 1531 quse
422 1483 472 1516 uns
481 1483 537 1516 eum
546 1467 589 1516 illc
599 1484 661 1533 opus
670 1468 779 1532 perfecit.
792 1469 823 1516 Et
834 1469 862 1515 in
876 1467 915 1516 bis
923 1482 997 1515 nemo
1010 1465 1125 1526 herebit,
1135 1467 1216 1530 quiin

141 1551 287 1600 memorium
303 1551 371 1598 venit
389 1550 455 1600 illius
474 1560 601 1615 tantopere
613 1551 735 1600 decantati
746 1552 876 1616 virgiliani
887 1553 941 1600 AEn.
953 1553 1004 1611 tx,
1018 1551 1068 1598 ⁵25
1075 1587 1082 1611 ,
1097 1561 1121 1598 et
1130 1550 1217 1598 siliunt

141 1633 194 1692 111,
210 1649 270 1682 uun.
283 1634 391 1683 Mutatio
400 1634 499 1682 numeri
509 1645 590 1682 antem
601 1634 719 1698 inparue,
732 1633 828 1699 depone
840 1644 864 1682 et
876 1631 992 1701 configite
1004 1632 1086 1681 multis
1097 1632 1216 1698 exemplis

140 1717 242 1784 probari
252 1727 350 1782 posset.
365 1719 414 1766 nisi
427 1719 453 1767 id
460 1720 511 1781 J'um
520 1733 589 1783 piene
598 1717 630 1765 ad
638 1719 762 1767 festidium
773 1719 913 1768 docuissent
922 1719 1007 1767 critici.
1019 1717 1091 1768 Cous.
1101 1719 1215 1766 Burman.

140 1799 171 1848 ed
181 1800 255 1866 Virg.
264 1801 361 1848 AEneid.
370 1803 411 1862 11,
420 1801 462 1850 du.
471 1822 483 1841 ι
496 1802 558 1863 Qun
568 1817 645 1865 quum
655 1801 781 1866 legissem,
792 1803 819 1849 in
829 1803 972 1850 memorium
980 1803 1063 1865 potins
1070 1800 1133 1848 mihi
1143 1800 1217 1849 rediit

142 1885 301 1944 demutatum
311 1886 374 1935 illud
385 1904 392 1935 ι
409 1886 432 1934 si
440 1886 567 1944 toeuiues,
580 1895 625 1934 etc.
640 1897 665 1933 et
670 1886 810 1952 parturiunt
818 1898 925 1945 montes,
944 1897 989 1936 etc.
1011 1888 1045 1934 Ut
1055 1886 1100 1934 slis
1111 1896 1217 1944 tucesm,

141 1968 207 2018 bene
220 1970 282 2018 nori
294 1980 319 2019 et
331 1970 363 2018 ed
374 1969 416 2018 Sil.
427 1969 443 2018 l.
452 1971 469 2018 l.
481 1969 580 2027 monui,
594 1984 608 2016 ι
619 1969 699 2032 poetis
711 1969 812 2034 aliisque
823 1969 996 2036 scriptoribus,
1010 1986 1087 2033 quum
1097 1968 1172 2017 verba
1184 1968 1215 2017 sd

140 2052 273 2118 collegium
283 2053 396 2118 pluresve
404 2055 550 2115 conjunctos
560 2053 659 2110 sacient,
673 2052 760 2116 sepius
770 2069 848 2100 unum
860 2052 976 2117 dignitate
989 2051 1097 2116 priorem
1110 2051 1215 2116 compel·

141 2135 202 2196 lari,
213 2137 323 2202 reliquos
331 2147 412 2185 sutern
422 2137 517 2197 adjecto
526 2137 588 2201 plur.
599 2151 704 2184 numero
714 2136 788 2184 simul
796 2137 869 2186 innui
877 2147 901 2184 et
910 2135 1096 2200 comprehendi.
1103 2135 1151 2183 Sed
1160 2135 1214 2184 talis

142 2219 263 2285 enallage,
275 2221 315 2270 rel
324 2220 437 2287 syllepsis
447 2220 544 2270 numeri
556 2219 635 2268 eliens
647 2230 684 2270 est
696 2219 726 2269 sb
739 2220 788 2272 hoc
800 2221 870 2284 loco,
883 2221 928 2272 ubi
936 2237 1018 2272 sermo
1027 2231 1063 2268 est
1071 2220 1102 2268 de
1110 2220 1182 2269 irrue
1189 2229 1213 2269 et

137 2320 235 2354 sorore.

176 2411 247 2466 Nor.
271 2431 418 2485 172-177.
440 2415 557 2468 Aliarum
568 2415 709 2470 mulierum
727 2416 902 2490 arrogantium
913 2415 996 2488 gignit
1008 2414 1172 2480 iocunditas,
1186 2426 1213 2468 et

141 2511 332 2568 nonnunqusm
341 2517 398 2550 eom
407 2539 415 2564 ,
427 2515 485 2570 quse
496 2498 567 2570 ipsos
578 2497 686 2552 lacesset
693 2501 776 2565 Deos,
787 2511 900 2552 ettotam
907 2517 1018 2570 eumque
1027 2499 1162 2551 innoxiam
1173 2497 1213 2548 ls-

142 2576 243 2631 milium
255 2579 283 2632 in
296 2581 441 2652 perniciem
453 2592 520 2652 aget.
535 2579 566 2633 ld
579 2582 708 2653 probetur
718 2582 839 2654 exemplo
850 2584 957 2642 Niobes,
972 2599 1031 2653 qnse
1042 2580 1096 2633 filis
1109 2579 1212 2633 Tsnmli

141 2671 166 2712 et
177 2663 336 2728 Amphionis,
349 2661 471 2716 Thebani
484 2662 553 2736 regis
565 2662 754 2734 clarissimique
767 2663 894 2735 lyricinis,
907 2681 983 2728 uxor,
995 2661 1162 2714 multitudine
1172 2672 1213 2713 st·
1274 2723 1277 2730 ¹

142 2761 193 2814 qne
203 2745 301 2817 insigni
313 2745 396 2799 forms
406 2747 550 2800 liberorum
562 2746 636 2799 ferox
646 2787 654 2812 ,
668 2750 804 2807 Latonam,
820 2759 931 2804 matrem
941 2746 1070 2818 Apollinis
1078 2758 1105 2800 et
1113 2746 1213 2808 Disnse,

141 2826 284 2881 insolenter
293 2827 423 2902 despexit,
436 2841 461 2883 et
471 2829 507 2882 itu
518 2829 631 2882 ollendit
643 2832 722 2897 Deos,
737 2842 766 2882 ut
779 2829 875 2885 liberos
887 2849 989 2896 omnes,
1001 2829 1098 2901 Apollo
1112 2845 1213 2893 meres,

140 2907 224 2962 Diona
236 2909 315 2978 filins,
329 2912 430 2984 sagittis
441 2912 622 2984 transfigerent
635 2931 642 2965 :
655 2932 717 2966 num
729 2913 853 2985 antiquus
864 2931 962 2981 serum,
974 2911 1046 2986 qnod
1057 2923 1133 2966 acuta
1146 2911 1213 2965 febri
1297 2908 1307 2922 “

141 2991 241 3045 lactum
252 3005 303 3060 est,
313 2995 413 3067 sagittis
425 3007 450 3047 et
463 2995 509 3048 ire
520 2996 626 3048 illorum
640 2995 753 3051 deorum
767 2997 868 3051 tribuit.
885 2999 965 3051 Recte
982 2995 1082 3050 Gellius
1095 2995 1165 3061 XX,
1179 3013 1213 3065 7,

140 3072 197 3129 bsee
210 3077 314 3131 noterit
330 3097 337 3132 τ
357 3103 368 3124 ι
376 3077 444 3130 Mira
458 3090 484 3130 et
496 3082 659 3153 propendeo
673 3080 784 3135 ridicula
797 3079 935 3135 diversitas
949 3079 1043 3133 inbulse
1056 3077 1127 3152 apud
1146 3095 1213 3150 gre·

140 3177 185 3212 eos
197 3173 289 3231 poetes
303 3159 510 3233 deprehenditur
527 3181 607 3236 super
617 3183 728 3218 numero
740 3167 753 3234 (
759 3177 786 3218 et
798 3163 966 3234 nominibus)
978 3163 1093 3219 liliorum
1103 3162 1212 3214 Mobe:

139 3259 200 3294 uam
214 3243 346 3298 Homerus
356 3262 453 3322 pueros
463 3247 618 3320 puellasque
628 3251 684 3320 ejus
696 3248 737 3301 bis
750 3267 826 3302 senos
836 3246 902 3300 dicit
913 3246 1008 3308 fuisse,
1019 3242 1159 3318 Euripides
1172 3243 1214 3296 bis

141 3337 273 3397 septenos,
282 3327 390 3399 Sappho
399 3329 440 3382 bis
449 3347 576 3396 novenos,
587 3330 761 3404 Bacchylides
772 3343 798 3383 et
806 3329 935 3384 Pindarus
946 3328 1076 3383 bisdenos
1087 3346 1094 3381 ε
1105 3325 1213 3400 qnidam

139 3405 182 3456 elii
193 3405 335 3474 scriptores
346 3419 398 3460 tres
409 3407 490 3461 inisse
500 3410 569 3462 solos
580 3409 730 3464 dixerunt.»
741 3421 750 3446 ¹
771 3409 882 3480 Egregie
891 3419 978 3462 sutem
989 3410 1001 3477 (
1007 3425 1066 3480 quse
1077 3425 1214 3476 superstes-

139 3478 213 3537 srss'i'e
226 3484 307 3556 vulgo
325 3483 441 3555 dicitnr)
461 3485 594 3558 Amphion
615 3491 724 3560 ejusque
744 3505 830 3542 serum
851 3487 986 3540 inducitur
1004 3503 1011 3539 t
1032 3493 1111 3538 Panes
1124 3484 1214 3538 liberis
1249 3525 1253 3532 .

140 3568 215 3634 meis,
228 3569 277 3642 qui
288 3570 325 3622 nil
334 3569 516 3638 mulisaeinnt,
526 3570 726 3639 commiserunt,
739 3567 811 3624 nulls
824 3570 920 3643 injuris
933 3570 1047 3622 allecem
1060 3585 1108 3622 ros
1121 3577 1147 3621 et
1159 3583 1213 3620 tua·

565 3741 795 3762 mmm

177 3853 280 3904 ¹cont.
292 3853 324 3902 de
336 3851 458 3902 bacreet
471 3853 502 3901 de
513 3861 563 3902 tota
576 3853 656 3903 fabula
700 3871 751 3919 seq.
768 3853 877 3904 dilisnns
896 3856 955 3903 Ver.
975 3851 1054 3912 nist,
1077 3851 1142 3913 111,
1162 3851 1213 3912 363

143 3934 214 3984 llum.
221 3934 266 3995 1t,
277 3949 314 3997 ss,
324 3935 374 3982 bon
384 3949 435 3997 seq.
443 3932 538 4000 (ibique
548 3935 656 4000 liuststh.
701 3937 846 4000 interpretes
855 3935 928 3984 Orid.
938 3929 1103 3996 Metamorph.
1111 3931 1156 3981 lib.
1163 3933 1213 3992 vt,
1313 3937 1319 3944 '

142 4023 165 4060 et
179 4011 286 4079 lique)
301 4013 383 4062 Schol-
399 4013 485 4078 Enrip.
502 4014 655 4064 Phoco-160
700 4032 737 4064 vs.
755 4016 804 4070 xro
818 4029 869 4078 seq.
885 4029 933 4075 ²7¹
950 4029 1000 4077 seq.
1019 4021 1044 4060 et
1061 4013 1146 4060 Horst.
1164 4011 1214 4060 Od.

142 4107 191 4156 seq.
208 4092 331 4152 liudonis,
346 4109 401 4158 pag.
412 4093 472 4152 sos,
487 4094 550 4154 ³⁰73
562 4093 655 4158 Hygin.
699 4092 744 4142 lib.
758 4094 806 4155 IV,
819 4095 847 4156 6,
862 4109 888 4153 ι;
906 4093 994 4156 lieyne
1013 4089 1045 4138 sd
1063 4089 1145 4156 spot.
1162 4092 1216 4152 111,

143 4171 655 4237 Fsb.11et69;'1’uetsaChil.1V,4no
702 4173 768 4234 5‚s.
