<?xml version="1.0" encoding="UTF-8"?>
<!DOCTYPE html PUBLIC "-//W3C//DTD XHTML 1.0 Transitional//EN"
    "http://www.w3.org/TR/xhtml1/DTD/xhtml1-transitional.dtd">
<html xmlns="http://www.w3.org/1999/xhtml" xml:lang="en" lang="en">
 <head>
  <title>
</title>
<meta http-equiv="Content-Type" content="text/html;charset=utf-8" />
  <meta name='ocr-system' content='tesseract 3.04.00' />
  <meta name='ocr-capabilities' content='ocr_page ocr_carea ocr_par ocr_line ocrx_word'/>
</head>
<body>
  <div class='ocr_page' id='page_1' title='image "./sexdecimsatir01lemagoog_0028.png"; bbox 0 0 3148 4990; ppageno 0'>
   <div class='ocr_carea' id='block_1_1' title="bbox 414 619 1063 772">
    <p class='ocr_par' dir='ltr' id='par_1_1' title="bbox 414 619 1063 772">
     <span class='ocr_line' id='line_1_1' title="bbox 414 619 1063 772; baseline -0.008 -33"><span class='ocrx_word' id='word_1_1' title='bbox 414 620 732 739; x_wconf 72' lang='lat' dir='ltr'><strong>sarrai</strong></span> <span class='ocrx_word' id='word_1_2' title='bbox 771 619 1063 772; x_wconf 74' lang='lat' dir='ltr'><strong>rarus.</strong></span> 
     </span>
    </p>
   </div>
   <div class='ocr_carea' id='block_1_2' title="bbox 200 1019 1275 2464">
    <p class='ocr_par' dir='ltr' id='par_1_2' title="bbox 200 1019 1275 1699">
     <span class='ocr_line' id='line_1_2' title="bbox 202 1019 1185 1144; baseline 0.001 -29"><span class='ocrx_word' id='word_1_3' title='bbox 202 1019 357 1120; x_wconf 80' lang='lat' dir='ltr'><strong>Saurea</strong></span> <span class='ocrx_word' id='word_1_4' title='bbox 374 1073 438 1144; x_wconf 84' lang='lat' dir='ltr'><strong>ego</strong></span> <span class='ocrx_word' id='word_1_5' title='bbox 455 1047 589 1118; x_wconf 82' lang='lat' dir='ltr'><strong>auditor</strong></span> <span class='ocrx_word' id='word_1_6' title='bbox 605 1045 757 1124; x_wconf 84' lang='lat' dir='ltr'><strong>tanturn?</strong></span> <span class='ocrx_word' id='word_1_7' title='bbox 773 1069 990 1142; x_wconf 88' lang='lat' dir='ltr'><strong>nunquamne</strong></span> <span class='ocrx_word' id='word_1_8' title='bbox 1006 1071 1185 1141; x_wconf 85' lang='lat' dir='ltr'><strong>reponam,</strong></span> 
     </span>
     <span class='ocr_line' id='line_1_3' title="bbox 200 1154 899 1236; baseline 0.003 -14"><span class='ocrx_word' id='word_1_9' title='bbox 200 1157 348 1226; x_wconf 76' lang='lat' dir='ltr'><strong>Venatus</strong></span> <span class='ocrx_word' id='word_1_10' title='bbox 365 1158 463 1236; x_wconf 83' lang='lat' dir='ltr'><strong>toties</strong></span> <span class='ocrx_word' id='word_1_11' title='bbox 481 1159 574 1230; x_wconf 89' lang='lat' dir='ltr'><strong>rauci</strong></span> <span class='ocrx_word' id='word_1_12' title='bbox 591 1156 757 1230; x_wconf 79' lang='lat' dir='ltr'><strong>Theseide</strong></span> <span class='ocrx_word' id='word_1_13' title='bbox 773 1154 899 1226; x_wconf 86' lang='lat' dir='ltr'>Codri?</span> 
     </span>
     <span class='ocr_line' id='line_1_4' title="bbox 201 1265 987 1364; baseline 0 -30"><span class='ocrx_word' id='word_1_14' title='bbox 201 1267 345 1360; x_wconf 89' lang='lat' dir='ltr'><strong>Impune</strong></span> <span class='ocrx_word' id='word_1_15' title='bbox 362 1293 444 1364; x_wconf 86' lang='lat' dir='ltr'><strong>ergo</strong></span> <span class='ocrx_word' id='word_1_16' title='bbox 460 1269 544 1340; x_wconf 91' lang='lat' dir='ltr'><strong>mihi</strong></span> <span class='ocrx_word' id='word_1_17' title='bbox 561 1268 754 1338; x_wconf 83' lang='lat' dir='ltr'><strong>recitaverit</strong></span> <span class='ocrx_word' id='word_1_18' title='bbox 769 1265 823 1336; x_wconf 92' lang='lat' dir='ltr'><strong>ille</strong></span> <span class='ocrx_word' id='word_1_19' title='bbox 840 1281 987 1361; x_wconf 83' lang='lat' dir='ltr'><strong>togatas,</strong></span> 
     </span>
     <span class='ocr_line' id='line_1_5' title="bbox 202 1376 1059 1474; baseline 0 -30"><span class='ocrx_word' id='word_1_20' title='bbox 202 1377 269 1446; x_wconf 90' lang='lat' dir='ltr'><strong>Hic</strong></span> <span class='ocrx_word' id='word_1_21' title='bbox 285 1377 419 1474; x_wconf 84' lang='lat' dir='ltr'><strong>elegos?</strong></span> <span class='ocrx_word' id='word_1_22' title='bbox 435 1380 574 1474; x_wconf 92' lang='lat' dir='ltr'><strong>impune</strong></span> <span class='ocrx_word' id='word_1_23' title='bbox 591 1380 681 1448; x_wconf 91' lang='lat' dir='ltr'><strong>diem</strong></span> <span class='ocrx_word' id='word_1_24' title='bbox 699 1379 923 1450; x_wconf 88' lang='lat' dir='ltr'><strong>consumserit</strong></span> <span class='ocrx_word' id='word_1_25' title='bbox 939 1376 1059 1472; x_wconf 83' lang='lat' dir='ltr'><strong>ingens</strong></span> 
     </span>
     <span class='ocr_line' id='line_1_6' title="bbox 202 1488 1275 1588; baseline 0.001 -31"><span class='ocrx_word' id='word_1_26' title='bbox 202 1488 391 1586; x_wconf 86' lang='lat' dir='ltr'><strong>Telephus,</strong></span> <span class='ocrx_word' id='word_1_27' title='bbox 407 1508 465 1562; x_wconf 91' lang='lat' dir='ltr'><strong>aut</strong></span> <span class='ocrx_word' id='word_1_28' title='bbox 480 1493 601 1565; x_wconf 87' lang='lat' dir='ltr'><strong>summi</strong></span> <span class='ocrx_word' id='word_1_29' title='bbox 618 1493 716 1588; x_wconf 90' lang='lat' dir='ltr'><strong>plena</strong></span> <span class='ocrx_word' id='word_1_30' title='bbox 728 1492 798 1585; x_wconf 92' lang='lat' dir='ltr'><strong>jam</strong></span> <span class='ocrx_word' id='word_1_31' title='bbox 814 1491 966 1586; x_wconf 81' lang='lat' dir='ltr'><strong>margine</strong></span> <span class='ocrx_word' id='word_1_32' title='bbox 983 1490 1060 1559; x_wconf 86' lang='lat' dir='ltr'><strong>llbri</strong></span> <span class='ocrx_word' id='word_1_33' title='bbox 1260 1507 1275 1558; x_wconf 82' lang='lat'>⁵</span> 
     </span>
     <span class='ocr_line' id='line_1_7' title="bbox 203 1598 1093 1699; baseline 0 -32"><span class='ocrx_word' id='word_1_34' title='bbox 203 1601 372 1695; x_wconf 86' lang='lat' dir='ltr'><strong>Scriptus,</strong></span> <span class='ocrx_word' id='word_1_35' title='bbox 388 1616 422 1672; x_wconf 88' lang='lat' dir='ltr'><strong>et</strong></span> <span class='ocrx_word' id='word_1_36' title='bbox 438 1605 472 1673; x_wconf 93' lang='lat' dir='ltr'><strong>in</strong></span> <span class='ocrx_word' id='word_1_37' title='bbox 490 1620 603 1699; x_wconf 84' lang='lat' dir='ltr'><strong>tergo,</strong></span> <span class='ocrx_word' id='word_1_38' title='bbox 616 1601 766 1672; x_wconf 87' lang='lat' dir='ltr'><strong>necdum</strong></span> <span class='ocrx_word' id='word_1_39' title='bbox 783 1602 918 1688; x_wconf 85' lang='lat' dir='ltr'><strong>finitus,</strong></span> <span class='ocrx_word' id='word_1_40' title='bbox 935 1598 1093 1670; x_wconf 83' lang='lat' dir='ltr'><strong>Orestes?</strong></span> 
     </span>
    </p>

    <p class='ocr_par' dir='ltr' id='par_1_3' title="bbox 201 1709 1274 2464">
     <span class='ocr_line' id='line_1_8' title="bbox 253 1709 1186 1808; baseline -0.003 -28"><span class='ocrx_word' id='word_1_41' title='bbox 253 1713 344 1780; x_wconf 82' lang='lat' dir='ltr'><strong>Nota</strong></span> <span class='ocrx_word' id='word_1_42' title='bbox 358 1714 463 1808; x_wconf 84' lang='lat' dir='ltr'><strong>magis</strong></span> <span class='ocrx_word' id='word_1_43' title='bbox 479 1713 563 1784; x_wconf 88' lang='lat' dir='ltr'><strong>nulli</strong></span> <span class='ocrx_word' id='word_1_44' title='bbox 581 1714 700 1787; x_wconf 91' lang='lat' dir='ltr'><strong>domus</strong></span> <span class='ocrx_word' id='word_1_45' title='bbox 717 1727 767 1782; x_wconf 89' lang='lat' dir='ltr'><strong>est</strong></span> <span class='ocrx_word' id='word_1_46' title='bbox 782 1735 857 1798; x_wconf 89' lang='lat' dir='ltr'><strong>sua,</strong></span> <span class='ocrx_word' id='word_1_47' title='bbox 875 1735 974 1804; x_wconf 90' lang='lat' dir='ltr'><strong>quam</strong></span> <span class='ocrx_word' id='word_1_48' title='bbox 990 1711 1075 1780; x_wconf 91' lang='lat' dir='ltr'><strong>mihi</strong></span> <span class='ocrx_word' id='word_1_49' title='bbox 1091 1709 1186 1779; x_wconf 92' lang='lat' dir='ltr'><strong>lucus</strong></span> 
     </span>
     <span class='ocr_line' id='line_1_9' title="bbox 205 1823 998 1918; baseline 0.005 -30"><span class='ocrx_word' id='word_1_50' title='bbox 205 1823 340 1908; x_wconf 90' lang='lat' dir='ltr'><strong>Martis,</strong></span> <span class='ocrx_word' id='word_1_51' title='bbox 358 1840 392 1892; x_wconf 88' lang='lat' dir='ltr'><strong>et</strong></span> <span class='ocrx_word' id='word_1_52' title='bbox 406 1824 522 1898; x_wconf 84' lang='lat' dir='ltr'><strong>AEoliis</strong></span> <span class='ocrx_word' id='word_1_53' title='bbox 538 1826 689 1897; x_wconf 88' lang='lat' dir='ltr'><strong>vicinum</strong></span> <span class='ocrx_word' id='word_1_54' title='bbox 707 1823 847 1918; x_wconf 88' lang='lat' dir='ltr'><strong>rupibus</strong></span> <span class='ocrx_word' id='word_1_55' title='bbox 863 1839 998 1892; x_wconf 86' lang='lat' dir='ltr'><strong>antrum</strong></span> 
     </span>
     <span class='ocr_line' id='line_1_10' title="bbox 203 1929 1131 2028; baseline 0.006 -32"><span class='ocrx_word' id='word_1_56' title='bbox 203 1929 369 2000; x_wconf 89' lang='lat' dir='ltr'><strong>Vulcani:</strong></span> <span class='ocrx_word' id='word_1_57' title='bbox 387 1933 468 2026; x_wconf 93' lang='lat' dir='ltr'><strong>quid</strong></span> <span class='ocrx_word' id='word_1_58' title='bbox 484 1949 586 2028; x_wconf 87' lang='lat' dir='ltr'><strong>agant</strong></span> <span class='ocrx_word' id='word_1_59' title='bbox 600 1934 712 2020; x_wconf 88' lang='lat' dir='ltr'><strong>venti,</strong></span> <span class='ocrx_word' id='word_1_60' title='bbox 728 1957 810 2027; x_wconf 89' lang='lat' dir='ltr'><strong>quas</strong></span> <span class='ocrx_word' id='word_1_61' title='bbox 827 1948 981 2026; x_wconf 89' lang='lat' dir='ltr'><strong>torqueat</strong></span> <span class='ocrx_word' id='word_1_62' title='bbox 997 1935 1131 2002; x_wconf 89' lang='lat' dir='ltr'><strong>umbras</strong></span> 
     </span>
     <span class='ocr_line' id='line_1_11' title="bbox 202 2040 1274 2124; baseline 0.004 -18"><span class='ocrx_word' id='word_1_63' title='bbox 202 2040 342 2124; x_wconf 82' lang='lat' dir='ltr'><strong>AEacus,</strong></span> <span class='ocrx_word' id='word_1_64' title='bbox 359 2040 449 2116; x_wconf 86' lang='lat' dir='ltr'><strong>unde</strong></span> <span class='ocrx_word' id='word_1_65' title='bbox 464 2041 549 2112; x_wconf 88' lang='lat' dir='ltr'><strong>alius</strong></span> <span class='ocrx_word' id='word_1_66' title='bbox 565 2041 697 2112; x_wconf 81' lang='lat' dir='ltr'><strong>furtivae</strong></span> <span class='ocrx_word' id='word_1_67' title='bbox 714 2042 857 2111; x_wconf 88' lang='lat' dir='ltr'><strong>devehat</strong></span> <span class='ocrx_word' id='word_1_68' title='bbox 872 2066 991 2110; x_wconf 88' lang='lat' dir='ltr'><strong>aurum</strong></span> <span class='ocrx_word' id='word_1_69' title='bbox 1243 2075 1274 2110; x_wconf 84' lang='grc' dir='ltr'><strong>ιο</strong></span> 
     </span>
     <span class='ocr_line' id='line_1_12' title="bbox 203 2146 1072 2244; baseline 0.007 -32"><span class='ocrx_word' id='word_1_70' title='bbox 203 2146 387 2235; x_wconf 82' lang='lat' dir='ltr'><strong>Pelliculae‚</strong></span> <span class='ocrx_word' id='word_1_71' title='bbox 399 2165 544 2242; x_wconf 78' lang='lat' dir='ltr'><strong>‚quantas</strong></span> <span class='ocrx_word' id='word_1_72' title='bbox 558 2149 726 2242; x_wconf 86' lang='lat' dir='ltr'><strong>jaculetur</strong></span> <span class='ocrx_word' id='word_1_73' title='bbox 742 2151 935 2244; x_wconf 87' lang='lat' dir='ltr'><strong>Monychus</strong></span> <span class='ocrx_word' id='word_1_74' title='bbox 951 2175 1072 2235; x_wconf 92' lang='lat' dir='ltr'><strong>ornos,</strong></span> 
     </span>
     <span class='ocr_line' id='line_1_13' title="bbox 203 2259 1107 2356; baseline 0.004 -32"><span class='ocrx_word' id='word_1_75' title='bbox 203 2259 381 2328; x_wconf 80' lang='lat' dir='ltr'><strong>Frontonis</strong></span> <span class='ocrx_word' id='word_1_76' title='bbox 398 2260 523 2355; x_wconf 86' lang='lat' dir='ltr'><strong>platani</strong></span> <span class='ocrx_word' id='word_1_77' title='bbox 540 2261 763 2356; x_wconf 89' lang='lat' dir='ltr'><strong>convulsaque</strong></span> <span class='ocrx_word' id='word_1_78' title='bbox 779 2285 947 2330; x_wconf 89' lang='lat' dir='ltr'><strong>marmora</strong></span> <span class='ocrx_word' id='word_1_79' title='bbox 963 2259 1107 2330; x_wconf 89' lang='lat' dir='ltr'><strong>clamant</strong></span> 
     </span>
     <span class='ocr_line' id='line_1_14' title="bbox 201 2367 1012 2464; baseline 0.004 -30"><span class='ocrx_word' id='word_1_80' title='bbox 201 2367 356 2462; x_wconf 87' lang='lat' dir='ltr'><strong>Semper,</strong></span> <span class='ocrx_word' id='word_1_81' title='bbox 372 2385 407 2438; x_wconf 92' lang='lat' dir='ltr'><strong>et</strong></span> <span class='ocrx_word' id='word_1_82' title='bbox 421 2370 554 2440; x_wconf 88' lang='lat' dir='ltr'><strong>assiduo</strong></span> <span class='ocrx_word' id='word_1_83' title='bbox 570 2385 677 2464; x_wconf 85' lang='lat' dir='ltr'><strong>ruptae</strong></span> <span class='ocrx_word' id='word_1_84' title='bbox 694 2370 821 2439; x_wconf 89' lang='lat' dir='ltr'><strong>lectore</strong></span> <span class='ocrx_word' id='word_1_85' title='bbox 838 2369 1012 2438; x_wconf 84' lang='lat' dir='ltr'><strong>columnae.</strong></span> 
     </span>
    </p>
   </div>
   <div class='ocr_carea' id='block_1_3' title="bbox 202 2475 1052 2572">
    <p class='ocr_par' dir='ltr' id='par_1_4' title="bbox 202 2475 1052 2572">
     <span class='ocr_line' id='line_1_15' title="bbox 202 2475 1052 2572; baseline -0.005 -22"><span class='ocrx_word' id='word_1_86' title='bbox 202 2479 382 2572; x_wconf 70' lang='lat' dir='ltr'><strong>Exspeetes</strong></span> <span class='ocrx_word' id='word_1_87' title='bbox 398 2481 515 2550; x_wconf 85' lang='lat' dir='ltr'><strong>eadem</strong></span> <span class='ocrx_word' id='word_1_88' title='bbox 526 2505 550 2547; x_wconf 88' lang='lat' dir='ltr'><strong>-a</strong></span> <span class='ocrx_word' id='word_1_89' title='bbox 566 2480 922 2572; x_wconf 69' lang='lat' dir='ltr'><strong>summonuinimoque</strong></span> <span class='ocrx_word' id='word_1_90' title='bbox 937 2475 1052 2572; x_wconf 87' lang='lat' dir='ltr'><strong>poeta!</strong></span> 
     </span>
    </p>
   </div>
   <div class='ocr_carea' id='block_1_4' title="bbox 485 2678 990 2727">
    <p class='ocr_par' dir='ltr' id='par_1_5' title="bbox 485 2678 990 2727">
     <span class='ocr_line' id='line_1_16' title="bbox 485 2678 990 2727; baseline -0.006 -11"><span class='ocrx_word' id='word_1_91' title='bbox 485 2679 597 2718; x_wconf 64' lang='lat' dir='ltr'><strong>8111!AE</strong></span> <span class='ocrx_word' id='word_1_92' title='bbox 615 2681 714 2718; x_wconf 68' lang='lat' dir='ltr'><strong>DUM</strong></span> <span class='ocrx_word' id='word_1_93' title='bbox 732 2678 990 2727; x_wconf 61' lang='lat' dir='ltr'><strong>taruennensem.</strong></span> 
     </span>
    </p>
   </div>
   <div class='ocr_carea' id='block_1_5' title="bbox 200 2765 1293 3027">
    <p class='ocr_par' dir='ltr' id='par_1_6' title="bbox 200 2765 1293 3027">
     <span class='ocr_line' id='line_1_17' title="bbox 244 2765 1274 2842; baseline 0.006 -22"><span class='ocrx_word' id='word_1_94' title='bbox 244 2785 269 2820; x_wconf 88' lang='lat' dir='ltr'><strong>r.</strong></span> <span class='ocrx_word' id='word_1_95' title='bbox 290 2765 388 2822; x_wconf 79' lang='lat' dir='ltr'><strong>lrsnr</strong></span> <span class='ocrx_word' id='word_1_96' title='bbox 398 2785 512 2841; x_wconf 86' lang='lat' dir='ltr'><strong>semper</strong></span> <span class='ocrx_word' id='word_1_97' title='bbox 521 2767 636 2824; x_wconf 87' lang='lat' dir='ltr'><strong>audiam</strong></span> <span class='ocrx_word' id='word_1_98' title='bbox 642 2767 759 2842; x_wconf 84' lang='lat' dir='ltr'><strong>ineptos</strong></span> <span class='ocrx_word' id='word_1_99' title='bbox 769 2766 867 2836; x_wconf 78' lang='lat' dir='ltr'><strong>vates?</strong></span> <span class='ocrx_word' id='word_1_100' title='bbox 879 2767 949 2823; x_wconf 83' lang='lat' dir='ltr'><strong>Non</strong></span> <span class='ocrx_word' id='word_1_101' title='bbox 958 2765 1081 2822; x_wconf 84' lang='lat' dir='ltr'><strong>scribam</strong></span> <span class='ocrx_word' id='word_1_102' title='bbox 1092 2765 1153 2840; x_wconf 87' lang='lat' dir='ltr'><strong>ipse</strong></span> <span class='ocrx_word' id='word_1_103' title='bbox 1163 2767 1274 2841; x_wconf 87' lang='lat' dir='ltr'><strong>aliquid</strong></span> 
     </span>
     <span class='ocr_line' id='line_1_18' title="bbox 200 2855 1273 2934; baseline 0.009 -24"><span class='ocrx_word' id='word_1_104' title='bbox 200 2855 339 2928; x_wconf 77' lang='lat' dir='ltr'><strong>vicissim,</strong></span> <span class='ocrx_word' id='word_1_105' title='bbox 347 2859 475 2932; x_wconf 83' lang='lat' dir='ltr'><strong>quodex</strong></span> <span class='ocrx_word' id='word_1_106' title='bbox 485 2877 532 2916; x_wconf 86' lang='lat' dir='ltr'><strong>me</strong></span> <span class='ocrx_word' id='word_1_107' title='bbox 543 2859 674 2931; x_wconf 73' lang='lat' dir='ltr'><strong>audiant,</strong></span> <span class='ocrx_word' id='word_1_108' title='bbox 685 2879 778 2934; x_wconf 83' lang='lat' dir='ltr'><strong>quum</strong></span> <span class='ocrx_word' id='word_1_109' title='bbox 786 2860 871 2918; x_wconf 79' lang='lat' dir='ltr'><strong>toties</strong></span> <span class='ocrx_word' id='word_1_110' title='bbox 880 2877 957 2916; x_wconf 81' lang='lat' dir='ltr'><strong>meas</strong></span> <span class='ocrx_word' id='word_1_111' title='bbox 964 2877 1053 2928; x_wconf 70' lang='lat' dir='ltr'><strong>aures</strong></span> <span class='ocrx_word' id='word_1_112' title='bbox 1063 2858 1176 2916; x_wconf 83' lang='lat' dir='ltr'><strong>Codrus</strong></span> <span class='ocrx_word' id='word_1_113' title='bbox 1187 2861 1273 2920; x_wconf 82' lang='lat' dir='ltr'><strong>obtu-</strong></span> 
     </span>
     <span class='ocr_line' id='line_1_19' title="bbox 200 2947 1293 3027; baseline 0.006 -23"><span class='ocrx_word' id='word_1_114' title='bbox 200 2947 278 3014; x_wconf 78' lang='lat' dir='ltr'><strong>derit</strong></span> <span class='ocrx_word' id='word_1_115' title='bbox 287 2951 432 3008; x_wconf 79' lang='lat' dir='ltr'><strong>recitanda</strong></span> <span class='ocrx_word' id='word_1_116' title='bbox 440 2952 479 3008; x_wconf 80' lang='lat' dir='ltr'><strong>ed</strong></span> <span class='ocrx_word' id='word_1_117' title='bbox 488 2951 579 3008; x_wconf 85' lang='lat' dir='ltr'><strong>ravim</strong></span> <span class='ocrx_word' id='word_1_118' title='bbox 585 2971 677 3026; x_wconf 85' lang='lat' dir='ltr'><strong>usque</strong></span> <span class='ocrx_word' id='word_1_119' title='bbox 683 2971 733 3008; x_wconf 90' lang='lat' dir='ltr'><strong>sua</strong></span> <span class='ocrx_word' id='word_1_120' title='bbox 742 2952 900 3011; x_wconf 80' lang='lat' dir='ltr'><strong>Theseide?</strong></span> <span class='ocrx_word' id='word_1_121' title='bbox 910 2953 1025 3027; x_wconf 80' lang='lat' dir='ltr'><strong>Ergone</strong></span> <span class='ocrx_word' id='word_1_122' title='bbox 1032 2951 1152 3008; x_wconf 83' lang='lat' dir='ltr'><strong>inultam</strong></span> <span class='ocrx_word' id='word_1_123' title='bbox 1161 2951 1271 3022; x_wconf 74' lang='lat' dir='ltr'><strong>ferent,</strong></span> <span class='ocrx_word' id='word_1_124' title='bbox 1286 2997 1293 3011; x_wconf 88' lang='lat'>.</span> 
     </span>
    </p>
   </div>
   <div class='ocr_carea' id='block_1_6' title="bbox 198 3043 1272 4228">
    <p class='ocr_par' dir='ltr' id='par_1_7' title="bbox 198 3043 1272 3398">
     <span class='ocr_line' id='line_1_20' title="bbox 199 3043 1272 3113; baseline 0.002 -11"><span class='ocrx_word' id='word_1_125' title='bbox 199 3057 289 3113; x_wconf 74' lang='lat' dir='ltr'><strong>qm</strong></span> <span class='ocrx_word' id='word_1_126' title='bbox 301 3043 456 3107; x_wconf 78' lang='lat' dir='ltr'><strong>exhibuere</strong></span> <span class='ocrx_word' id='word_1_127' title='bbox 469 3044 541 3104; x_wconf 79' lang='lat' dir='ltr'><strong>mihi</strong></span> <span class='ocrx_word' id='word_1_128' title='bbox 556 3043 731 3111; x_wconf 77' lang='lat' dir='ltr'><strong>molestiam,</strong></span> <span class='ocrx_word' id='word_1_129' title='bbox 747 3043 817 3100; x_wconf 84' lang='lat' dir='ltr'><strong>dum</strong></span> <span class='ocrx_word' id='word_1_130' title='bbox 829 3044 939 3101; x_wconf 84' lang='lat' dir='ltr'><strong>lectitat</strong></span> <span class='ocrx_word' id='word_1_131' title='bbox 950 3043 1022 3100; x_wconf 87' lang='lat' dir='ltr'><strong>mihi</strong></span> <span class='ocrx_word' id='word_1_132' title='bbox 1035 3043 1107 3100; x_wconf 81' lang='lat' dir='ltr'><strong>alius</strong></span> <span class='ocrx_word' id='word_1_133' title='bbox 1119 3046 1272 3104; x_wconf 84' lang='lat' dir='ltr'><strong>comoedias</strong></span> 
     </span>
     <span class='ocr_line' id='line_1_21' title="bbox 199 3133 1272 3212; baseline 0.007 -24"><span class='ocrx_word' id='word_1_134' title='bbox 199 3133 328 3202; x_wconf 71' lang='lat' dir='ltr'><strong>hams,</strong></span> <span class='ocrx_word' id='word_1_135' title='bbox 338 3134 409 3192; x_wconf 77' lang='lat' dir='ltr'><strong>alim</strong></span> <span class='ocrx_word' id='word_1_136' title='bbox 418 3135 539 3211; x_wconf 77' lang='lat' dir='ltr'><strong>elegias?</strong></span> <span class='ocrx_word' id='word_1_137' title='bbox 549 3138 616 3195; x_wconf 84' lang='lat' dir='ltr'><strong>Noa</strong></span> <span class='ocrx_word' id='word_1_138' title='bbox 625 3153 721 3210; x_wconf 79' lang='lat' dir='ltr'><strong>pmrras</strong></span> <span class='ocrx_word' id='word_1_139' title='bbox 730 3135 789 3194; x_wconf 86' lang='lat' dir='ltr'><strong>diei</strong></span> <span class='ocrx_word' id='word_1_140' title='bbox 799 3137 873 3194; x_wconf 85' lang='lat' dir='ltr'><strong>male</strong></span> <span class='ocrx_word' id='word_1_141' title='bbox 884 3136 955 3196; x_wconf 87' lang='lat' dir='ltr'><strong>mihi</strong></span> <span class='ocrx_word' id='word_1_142' title='bbox 962 3147 1067 3210; x_wconf 81' lang='lat' dir='ltr'><strong>ereptae</strong></span> <span class='ocrx_word' id='word_1_143' title='bbox 1076 3136 1158 3194; x_wconf 88' lang='lat' dir='ltr'><strong>dabit</strong></span> <span class='ocrx_word' id='word_1_144' title='bbox 1163 3139 1272 3212; x_wconf 79' lang='lat' dir='ltr'><strong>prolixi</strong></span> 
     </span>
     <span class='ocr_line' id='line_1_22' title="bbox 199 3225 1270 3307; baseline 0.008 -28"><span class='ocrx_word' id='word_1_145' title='bbox 199 3225 325 3300; x_wconf 82' lang='lat' dir='ltr'><strong>scriptor</strong></span> <span class='ocrx_word' id='word_1_146' title='bbox 334 3228 468 3302; x_wconf 85' lang='lat' dir='ltr'><strong>Telephi,</strong></span> <span class='ocrx_word' id='word_1_147' title='bbox 483 3239 532 3285; x_wconf 85' lang='lat' dir='ltr'><strong>aut</strong></span> <span class='ocrx_word' id='word_1_148' title='bbox 542 3228 665 3298; x_wconf 78' lang='lat' dir='ltr'><strong>Orestis,</strong></span> <span class='ocrx_word' id='word_1_149' title='bbox 678 3228 728 3302; x_wconf 89' lang='lat' dir='ltr'><strong>qui</strong></span> <span class='ocrx_word' id='word_1_150' title='bbox 741 3229 879 3284; x_wconf 83' lang='lat' dir='ltr'><strong>volumen</strong></span> <span class='ocrx_word' id='word_1_151' title='bbox 893 3239 987 3286; x_wconf 86' lang='lat' dir='ltr'><strong>totum</strong></span> <span class='ocrx_word' id='word_1_152' title='bbox 996 3249 1012 3284; x_wconf 91' lang='lat' dir='ltr'><strong>a</strong></span> <span class='ocrx_word' id='word_1_153' title='bbox 1022 3228 1118 3284; x_wconf 79' lang='lat' dir='ltr'><strong>fronte</strong></span> <span class='ocrx_word' id='word_1_154' title='bbox 1130 3248 1163 3286; x_wconf 89' lang='lat' dir='ltr'><strong>ac</strong></span> <span class='ocrx_word' id='word_1_155' title='bbox 1174 3239 1270 3307; x_wconf 78' lang='lat' dir='ltr'><strong>tergo,</strong></span> 
     </span>
     <span class='ocr_line' id='line_1_23' title="bbox 198 3319 1123 3398; baseline -0.002 -21"><span class='ocrx_word' id='word_1_156' title='bbox 198 3320 325 3395; x_wconf 65' lang='lat' dir='ltr'><strong>scriptus</strong></span> <span class='ocrx_word' id='word_1_157' title='bbox 335 3320 420 3380; x_wconf 78' lang='lat' dir='ltr'><strong>etiarn</strong></span> <span class='ocrx_word' id='word_1_158' title='bbox 433 3321 468 3378; x_wconf 87' lang='lat' dir='ltr'><strong>in</strong></span> <span class='ocrx_word' id='word_1_159' title='bbox 482 3321 676 3398; x_wconf 72' lang='lat' dir='ltr'><strong>marginibus,</strong></span> <span class='ocrx_word' id='word_1_160' title='bbox 692 3321 818 3378; x_wconf 83' lang='lat' dir='ltr'><strong>necdum</strong></span> <span class='ocrx_word' id='word_1_161' title='bbox 825 3321 991 3390; x_wconf 81' lang='lat' dir='ltr'><strong>absolutus,</strong></span> <span class='ocrx_word' id='word_1_162' title='bbox 1005 3319 1123 3396; x_wconf 78' lang='lat' dir='ltr'><strong>implet?</strong></span> 
     </span>
    </p>

    <p class='ocr_par' dir='ltr' id='par_1_8' title="bbox 198 3411 1272 4228">
     <span class='ocr_line' id='line_1_24' title="bbox 242 3411 1271 3488; baseline 0.001 -19"><span class='ocrx_word' id='word_1_163' title='bbox 242 3431 269 3480; x_wconf 83' lang='lat'><strong>7.</strong></span> <span class='ocrx_word' id='word_1_164' title='bbox 278 3414 385 3474; x_wconf 76' lang='lat' dir='ltr'><strong>‚Nemo</strong></span> <span class='ocrx_word' id='word_1_165' title='bbox 394 3431 458 3470; x_wconf 83' lang='lat' dir='ltr'><strong>suas</strong></span> <span class='ocrx_word' id='word_1_166' title='bbox 469 3413 543 3471; x_wconf 70' lang='lat' dir='ltr'><strong>ades</strong></span> <span class='ocrx_word' id='word_1_167' title='bbox 555 3413 657 3473; x_wconf 81' lang='lat' dir='ltr'><strong>melius</strong></span> <span class='ocrx_word' id='word_1_168' title='bbox 665 3411 759 3482; x_wconf 80' lang='lat' dir='ltr'><strong>novit,</strong></span> <span class='ocrx_word' id='word_1_169' title='bbox 772 3431 927 3488; x_wconf 74' lang='lat' dir='ltr'><strong>quamego</strong></span> <span class='ocrx_word' id='word_1_170' title='bbox 936 3411 1039 3469; x_wconf 88' lang='lat' dir='ltr'><strong>Martis</strong></span> <span class='ocrx_word' id='word_1_171' title='bbox 1051 3412 1162 3483; x_wconf 89' lang='lat' dir='ltr'><strong>lucum,</strong></span> <span class='ocrx_word' id='word_1_172' title='bbox 1177 3425 1206 3469; x_wconf 89' lang='lat' dir='ltr'><strong>et</strong></span> <span class='ocrx_word' id='word_1_173' title='bbox 1219 3433 1271 3470; x_wconf 84' lang='lat' dir='ltr'><strong>an-</strong></span> 
     </span>
     <span class='ocr_line' id='line_1_25' title="bbox 200 3504 1271 3580; baseline 0 -18"><span class='ocrx_word' id='word_1_174' title='bbox 200 3514 279 3562; x_wconf 81' lang='lat' dir='ltr'><strong>trum</strong></span> <span class='ocrx_word' id='word_1_175' title='bbox 293 3504 496 3580; x_wconf 69' lang='lat' dir='ltr'><strong>offidnamque</strong></span> <span class='ocrx_word' id='word_1_176' title='bbox 508 3506 645 3576; x_wconf 84' lang='lat' dir='ltr'><strong>Vulcani,</strong></span> <span class='ocrx_word' id='word_1_177' title='bbox 653 3524 753 3580; x_wconf 21' lang='lat' dir='ltr'><strong>,prope</strong></span> <span class='ocrx_word' id='word_1_178' title='bbox 765 3505 869 3563; x_wconf 86' lang='lat' dir='ltr'><strong>insulas</strong></span> <span class='ocrx_word' id='word_1_179' title='bbox 882 3504 990 3562; x_wconf 84' lang='lat' dir='ltr'><strong>AEolias</strong></span> <span class='ocrx_word' id='word_1_180' title='bbox 1002 3504 1094 3560; x_wconf 89' lang='lat' dir='ltr'><strong>sitam.</strong></span> <span class='ocrx_word' id='word_1_181' title='bbox 1112 3506 1271 3562; x_wconf 82' lang='lat' dir='ltr'><strong>Personant</strong></span> 
     </span>
     <span class='ocr_line' id='line_1_26' title="bbox 199 3596 1270 3672; baseline 0.004 -22"><span class='ocrx_word' id='word_1_182' title='bbox 199 3596 356 3660; x_wconf 73' lang='lat' dir='ltr'><strong>Frontonis</strong></span> <span class='ocrx_word' id='word_1_183' title='bbox 369 3598 449 3657; x_wconf 79' lang='lat' dir='ltr'><strong>horti</strong></span> <span class='ocrx_word' id='word_1_184' title='bbox 462 3598 582 3672; x_wconf 62' lang='lat' dir='ltr'><strong>matonis</strong></span> <span class='ocrx_word' id='word_1_185' title='bbox 594 3597 713 3668; x_wconf 81' lang='lat' dir='ltr'><strong>consiti,</strong></span> <span class='ocrx_word' id='word_1_186' title='bbox 731 3609 761 3656; x_wconf 86' lang='lat' dir='ltr'><strong>et</strong></span> <span class='ocrx_word' id='word_1_187' title='bbox 776 3597 917 3664; x_wconf 81' lang='lat' dir='ltr'><strong>columnis</strong></span> <span class='ocrx_word' id='word_1_188' title='bbox 929 3596 1098 3654; x_wconf 85' lang='lat' dir='ltr'><strong>marmoreis</strong></span> <span class='ocrx_word' id='word_1_189' title='bbox 1110 3596 1188 3652; x_wconf 81' lang='lat' dir='ltr'><strong>fultae</strong></span> <span class='ocrx_word' id='word_1_190' title='bbox 1201 3615 1270 3670; x_wconf 87' lang='lat' dir='ltr'><strong>por-</strong></span> 
     </span>
     <span class='ocr_line' id='line_1_27' title="bbox 199 3685 1269 3764; baseline 0 -18"><span class='ocrx_word' id='word_1_191' title='bbox 199 3685 273 3752; x_wconf 71' lang='lat' dir='ltr'><strong>ticus</strong></span> <span class='ocrx_word' id='word_1_192' title='bbox 283 3705 363 3762; x_wconf 73' lang='lat' dir='ltr'><strong>pane</strong></span> <span class='ocrx_word' id='word_1_193' title='bbox 373 3689 520 3748; x_wconf 68' lang='lat' dir='ltr'><strong>annuunt</strong></span> <span class='ocrx_word' id='word_1_194' title='bbox 533 3700 563 3746; x_wconf 86' lang='lat' dir='ltr'><strong>et</strong></span> <span class='ocrx_word' id='word_1_195' title='bbox 574 3691 778 3750; x_wconf 81' lang='lat' dir='ltr'><strong>convelluntur</strong></span> <span class='ocrx_word' id='word_1_196' title='bbox 790 3690 911 3748; x_wconf 79' lang='lat' dir='ltr'><strong>vocibus</strong></span> <span class='ocrx_word' id='word_1_197' title='bbox 921 3700 1072 3764; x_wconf 84' lang='lat' dir='ltr'><strong>poetarum</strong></span> <span class='ocrx_word' id='word_1_198' title='bbox 1083 3707 1135 3746; x_wconf 87' lang='lat' dir='ltr'><strong>sua</strong></span> <span class='ocrx_word' id='word_1_199' title='bbox 1141 3691 1269 3752; x_wconf 80' lang='lat' dir='ltr'><strong>¹carmina</strong></span> 
     </span>
     <span class='ocr_line' id='line_1_28' title="bbox 199 3779 1272 3858; baseline 0.001 -20"><span class='ocrx_word' id='word_1_200' title='bbox 199 3779 638 3858; x_wconf 71' lang='lat' dir='ltr'><strong>miduelegentinm,iuquibus</strong></span> <span class='ocrx_word' id='word_1_201' title='bbox 645 3795 800 3843; x_wconf 83' lang='lat' dir='ltr'><strong>ventorum</strong></span> <span class='ocrx_word' id='word_1_202' title='bbox 805 3783 865 3838; x_wconf 81' lang='lat' dir='ltr'><strong>vim</strong></span> <span class='ocrx_word' id='word_1_203' title='bbox 873 3823 881 3850; x_wconf 87' lang='lat'><strong>,</strong></span> <span class='ocrx_word' id='word_1_204' title='bbox 889 3793 920 3840; x_wconf 83' lang='lat' dir='ltr'><strong>et</strong></span> <span class='ocrx_word' id='word_1_205' title='bbox 925 3793 1105 3856; x_wconf 83' lang='lat' dir='ltr'><strong>tempestates</strong></span> <span class='ocrx_word' id='word_1_206' title='bbox 1111 3782 1147 3841; x_wconf 78' lang='lat' dir='ltr'><strong>ab</strong></span> <span class='ocrx_word' id='word_1_207' title='bbox 1156 3782 1191 3840; x_wconf 89' lang='lat' dir='ltr'><strong>iis</strong></span> <span class='ocrx_word' id='word_1_208' title='bbox 1198 3783 1272 3840; x_wconf 83' lang='lat' dir='ltr'><strong>exci-</strong></span> 
     </span>
     <span class='ocr_line' id='line_1_29' title="bbox 199 3873 1270 3950; baseline 0.002 -22"><span class='ocrx_word' id='word_1_209' title='bbox 199 3883 285 3942; x_wconf 73' lang='lat' dir='ltr'><strong>tatas,</strong></span> <span class='ocrx_word' id='word_1_210' title='bbox 299 3873 486 3945; x_wconf 72' lang='lat' dir='ltr'><strong>deseribmt3</strong></span> <span class='ocrx_word' id='word_1_211' title='bbox 497 3891 593 3948; x_wconf 74' lang='lat' dir='ltr'><strong>peenas</strong></span> <span class='ocrx_word' id='word_1_212' title='bbox 600 3876 713 3934; x_wconf 87' lang='lat' dir='ltr'><strong>umbris</strong></span> <span class='ocrx_word' id='word_1_213' title='bbox 721 3876 760 3932; x_wconf 82' lang='lat' dir='ltr'><strong>ab</strong></span> <span class='ocrx_word' id='word_1_214' title='bbox 768 3877 856 3934; x_wconf 82' lang='lat' dir='ltr'><strong>AEaoo</strong></span> <span class='ocrx_word' id='word_1_215' title='bbox 868 3874 1022 3948; x_wconf 68' lang='lat' dir='ltr'><strong>irrogatam</strong></span> <span class='ocrx_word' id='word_1_216' title='bbox 1034 3891 1091 3946; x_wconf 84' lang='lat' dir='ltr'><strong>qua</strong></span> <span class='ocrx_word' id='word_1_217' title='bbox 1104 3893 1140 3930; x_wconf 82' lang='lat' dir='ltr'><strong>ex</strong></span> <span class='ocrx_word' id='word_1_218' title='bbox 1149 3875 1270 3950; x_wconf 78' lang='lat' dir='ltr'><strong>regione</strong></span> 
     </span>
     <span class='ocr_line' id='line_1_30' title="bbox 199 3965 1269 4043; baseline 0.002 -23"><span class='ocrx_word' id='word_1_219' title='bbox 199 3965 295 4022; x_wconf 75' lang='lat' dir='ltr'><strong>neseio</strong></span> <span class='ocrx_word' id='word_1_220' title='bbox 306 3967 370 4040; x_wconf 89' lang='lat' dir='ltr'><strong>quis</strong></span> <span class='ocrx_word' id='word_1_221' title='bbox 378 3977 509 4041; x_wconf 78' lang='lat' dir='ltr'><strong>asportet</strong></span> <span class='ocrx_word' id='word_1_222' title='bbox 519 3967 549 4024; x_wconf 88' lang='lat' dir='ltr'><strong>in</strong></span> <span class='ocrx_word' id='word_1_223' title='bbox 557 3968 679 4043; x_wconf 84' lang='lat' dir='ltr'><strong>patriam</strong></span> <span class='ocrx_word' id='word_1_224' title='bbox 689 3969 780 4026; x_wconf 78' lang='lat' dir='ltr'><strong>vellus</strong></span> <span class='ocrx_word' id='word_1_225' title='bbox 790 3983 909 4027; x_wconf 76' lang='lat' dir='ltr'><strong>aureum</strong></span> <span class='ocrx_word' id='word_1_226' title='bbox 919 3966 1000 4022; x_wconf 88' lang='lat' dir='ltr'><strong>furto</strong></span> <span class='ocrx_word' id='word_1_227' title='bbox 1007 3967 1166 4036; x_wconf 70' lang='lat' dir='ltr'><strong>sublatum</strong></span> <span class='ocrx_word' id='word_1_228' title='bbox 1181 3986 1269 4043; x_wconf 87' lang='lat' dir='ltr'><strong>quam</strong></span> 
     </span>
     <span class='ocr_line' id='line_1_31' title="bbox 198 4057 1268 4138; baseline 0 -22"><span class='ocrx_word' id='word_1_229' title='bbox 198 4075 332 4132; x_wconf 78' lang='lat' dir='ltr'><strong>proceras</strong></span> <span class='ocrx_word' id='word_1_230' title='bbox 340 4059 463 4121; x_wconf 64' lang='lat' dir='ltr'><strong>arbores</strong></span> <span class='ocrx_word' id='word_1_231' title='bbox 474 4061 637 4138; x_wconf 75' lang='lat' dir='ltr'><strong>Monychus</strong></span> <span class='ocrx_word' id='word_1_232' title='bbox 643 4057 722 4137; x_wconf 77' lang='lat' dir='ltr'><strong>gigas</strong></span> <span class='ocrx_word' id='word_1_233' title='bbox 733 4061 766 4118; x_wconf 89' lang='lat' dir='ltr'><strong>iu</strong></span> <span class='ocrx_word' id='word_1_234' title='bbox 776 4057 956 4119; x_wconf 81' lang='lat' dir='ltr'><strong>adversarios</strong></span> <span class='ocrx_word' id='word_1_235' title='bbox 966 4069 1113 4133; x_wconf 83' lang='lat' dir='ltr'><strong>torqueat,</strong></span> <span class='ocrx_word' id='word_1_236' title='bbox 1127 4059 1216 4118; x_wconf 84' lang='lat' dir='ltr'><strong>instar</strong></span> <span class='ocrx_word' id='word_1_237' title='bbox 1223 4060 1268 4132; x_wconf 80' lang='lat' dir='ltr'><strong>ja-</strong></span> 
     </span>
     <span class='ocr_line' id='line_1_32' title="bbox 198 4149 1270 4228; baseline -0.002 -22"><span class='ocrx_word' id='word_1_238' title='bbox 198 4149 331 4208; x_wconf 80' lang='lat' dir='ltr'><strong>culor-run</strong></span> <span class='ocrx_word' id='word_1_239' title='bbox 343 4173 351 4208; x_wconf 89' lang='lat'>:</span> <span class='ocrx_word' id='word_1_240' title='bbox 367 4152 431 4210; x_wconf 85' lang='lat' dir='ltr'><strong>haec</strong></span> <span class='ocrx_word' id='word_1_241' title='bbox 446 4149 542 4209; x_wconf 82' lang='lat' dir='ltr'><strong>omnia</strong></span> <span class='ocrx_word' id='word_1_242' title='bbox 557 4151 636 4210; x_wconf 87' lang='lat' dir='ltr'><strong>docti</strong></span> <span class='ocrx_word' id='word_1_243' title='bbox 648 4151 756 4228; x_wconf 80' lang='lat' dir='ltr'><strong>pariter</strong></span> <span class='ocrx_word' id='word_1_244' title='bbox 767 4151 934 4228; x_wconf 84' lang='lat' dir='ltr'><strong>indoctique</strong></span> <span class='ocrx_word' id='word_1_245' title='bbox 945 4161 1024 4213; x_wconf 73' lang='lat' dir='ltr'><strong>vates</strong></span> <span class='ocrx_word' id='word_1_246' title='bbox 1037 4151 1165 4227; x_wconf 84' lang='lat' dir='ltr'><strong>crepant.</strong></span> <span class='ocrx_word' id='word_1_247' title='bbox 1176 4150 1270 4226; x_wconf 83' lang='lat' dir='ltr'><strong>Atqui</strong></span> 
     </span>
    </p>
   </div>
   <div class='ocr_carea' id='block_1_7' title="bbox 0 0 1578 4990">
    <p class='ocr_par' dir='ltr' id='par_1_9' title="bbox 0 0 1578 4990">
     <span class='ocr_line' id='line_1_33' title="bbox 0 0 1578 4990; baseline 0 2"><span class='ocrx_word' id='word_1_248' title='bbox 0 0 1578 4990; x_wconf 95' lang='lat' dir='ltr'><strong> </strong></span> 
     </span>
    </p>
   </div>
  </div>
 </body>
</html>
