3134 4990
338 415 402 479 612
494 405 666 475 VARIAE
689 404 915 472 LECTION
924 405 982 472 Es
1003 406 1066 472 ET
1089 405 1121 472 N
1130 405 1244 472 OTAE

336 556 373 568 -
384 523 468 577 &urta
479 519 580 593 quasis
591 537 690 584 auus,
706 519 777 574 lutus
788 534 853 573 cara
863 529 890 572 ct
898 517 1000 582 inanis,
1010 517 1041 570 it.
1051 516 1178 590 lathyris,
1190 518 1273 572 bilem
1285 529 1311 574 et
1320 519 1407 592 pitui-

271 635 274 644 =
335 619 391 662 taur
399 621 528 677 purgans,
536 601 653 674 ideoque
661 600 787 658 muaudre
796 600 906 656 insanie
914 599 1035 655 adbibita
1045 599 1111 670 (rid.
1121 600 1229 673 Kenig.
1241 600 1276 654 sd
1284 601 1353 658 Pars.
1364 605 1403 667 V,

337 689 386 752 145
393 692 416 756 );
425 689 455 741 h.
468 688 520 741 loc.
532 687 641 753 κῶιιιοι,
653 686 743 740 Gen.
758 686 901 754 Selisrliag.
911 713 947 728 -·-
958 688 1054 738 Oleum
1063 688 1161 755 gelidas
1171 697 1249 740 ratus
1258 686 1345 741 Sobol.
1354 707 1404 741 ex·

333 772 431 844 ponit:
446 769 596 824 mortiferas
603 789 613 833 3,
626 787 697 822 mors
707 768 779 822 euim
791 766 887 840 frigida
897 781 946 822 est.
959 766 1012 821 Sed
1025 767 1135 822 meliora
1143 767 1223 822 docet
1232 769 1303 822 Plin.
1313 770 1401 831 XXV,

337 854 379 917 13,
389 873 437 908 seu
449 855 494 920 95,
506 860 521 917 4
533 871 540 906 :
551 878 562 898 ι
570 851 662 905 Cicuta
675 869 782 924 quoque
792 869 925 904 venenum
934 865 988 918 est,
1000 852 1107 922 publiea
1117 853 1320 908 Atheniensium
1329 871 1403 925 puna

333 935 428 989 invisa.
445 935 539 989 Semeu
550 935 630 987 habet
640 934 806 987 noxium...
819 934 919 986 Semini
932 946 958 987 et
972 934 1040 987 loliis
1051 934 1248 1006 refrigeratoria
1264 936 1325 990 vis:
1338 955 1403 1008 qnos

334 1030 442 1080 enecat,
458 1018 591 1088 incipiunt
605 1017 692 1089 algere
703 1017 737 1071 ab
746 1016 956 1070 extremitatibus
966 1017 1098 1088 corporis.
1113 1016 1306 1082 Remediosst,
1316 1020 1405 1091 prius·

334 1120 414 1173 quam
427 1100 564 1172 perveniat
578 1099 613 1153 ad
627 1100 730 1161 vitalia,
749 1099 807 1152 riui
819 1113 917 1154 natura
930 1099 1127 1154 excalfactoria.
1147 1097 1201 1152 Sed
1217 1100 1246 1153 in
1258 1100 1324 1153 rino
1341 1113 1407 1172 pota

332 1181 535 1237 irremediabilis
554 1181 728 1242 existimatur,
748 1192 820 1234 etc·
836 1179 939 1234 Eadem
954 1177 1036 1232 tradit
1053 1180 1176 1234 Dioscor.
1196 1181 1247 1246 IV,
1264 1199 1315 1252 79,
1332 1194 1360 1234 et
1378 1182 1406 1234 iu

332 1265 408 1317 Alex.
420 1285 444 1318 c.
459 1281 500 1318 rr.
513 1263 634 1316 scribon.
647 1264 747 1332 Largus
756 1261 790 1315 de
800 1263 926 1334 Compos.
935 1261 1075 1317 medicam.
1088 1279 1155 1332 179:
1166 1263 1304 1318 sCicutanr
1314 1277 1405 1336 potam

334 1345 427 1415 caligo,
439 1341 588 1412 mentisque
598 1340 731 1406 alienatio,
744 1354 770 1394 et
781 1355 887 1395 artuum
899 1341 996 1412 gelatio
1007 1342 1166 1413 insequitur,
1176 1344 1324 1416 ultimoque
1337 1365 1406 1418 prse-

334 1428 465 1493 iocantur,
476 1425 523 1496 qui
531 1443 590 1478 earn
604 1436 791 1493 sumpserunt,
803 1423 923 1496 nihilque
937 1424 1065 1478 sentiunt.
1075 1450 1086 1472 s
1099 1423 1190 1481 Sobol.
1201 1427 1275 1482 Pers.
1284 1430 1321 1491 V,
1336 1431 1384 1493 14⁵
1397 1449 1404 1482 :

334 1537 345 1558 ι
356 1513 448 1566 Cicuta
459 1510 573 1562 calorem
585 1508 612 1560 in
623 1507 702 1560 nobis
716 1506 826 1578 frigoris
836 1507 878 1560 sui
889 1507 918 1560 vi
930 1509 1088 1582 exstinguit3
1109 1509 1182 1564 unde
1192 1511 1344 1568 sacerdotes
1356 1515 1405 1568 Ce-

333 1595 401 1647 reris
412 1591 554 1648 Eleusinia
566 1591 672 1662 liquore
682 1593 740 1662 ejus
751 1589 933 1661 ungebantur,
945 1602 976 1642 ut
985 1608 1000 1642 a
1010 1592 1155 1645 concubitu
1165 1595 1355 1650 abstinerent..

369 1739 436 1784 Vsa.
454 1735 514 1784 soli.
526 1735 601 1784 Ausoe
611 1733 715 1796 donam,
727 1748 770 1780 aa.
783 1757 819 1769 -
835 1731 964 1798 Cuiferre,
977 1735 1043 1796 conj.
1056 1733 1186 1785 Schrader.

369 1840 461 1891 Arsa.
483 1853 632 1908 ao7-aro.
640 1835 770 1888 Praeclare
778 1847 870 1889 monet
879 1848 976 1909 poeta,
986 1851 1088 1910 quanto
1096 1841 1197 1913 sequius
1206 1843 1406 1919 sapientiusque

335 1921 466 1994 judicium
482 1918 516 1972 de
529 1918 660 1990 dignitate
675 1933 870 1991 preceptorum
885 1919 983 1991 prisci,
1002 1939 1083 1993 quarn
1100 1924 1275 1990 recentiores,
1293 1929 1406 1982 Romani

335 2005 460 2065 tulerint,
478 2021 578 2075 eosque
591 2015 733 2076 propterca
744 2016 805 2075 post
820 2017 934 2058 mortem
946 2006 1027 2059 etiam
1041 2006 1170 2061 colendos
1186 2007 1264 2074 dicit,
1276 2023 1303 2064 et
1314 2029 1405 2066 amon

336 2090 460 2162 rotisque
469 2086 681 2162 prosequendos.
693 2087 804 2141 Utinam
812 2101 838 2142 et
846 2101 938 2143 nostra
948 2102 1023 2144 aetate
1032 2101 1086 2143 tam
1096 2105 1230 2162 parentes,
1238 2111 1316 2164 qnam
1325 2097 1405 2150 liberi

337 2193 429 2228 sorum
443 2174 549 2246 ipsique
558 2185 737 2246 praeceptores
746 2176 833 2245 probe
843 2191 972 2228 memores
982 2174 1061 2246 hujus
1068 2173 1163 2246 judicii
1175 2178 1271 2230 esseut!
1286 2179 1405 2232 Alexan·

337 2257 395 2322 der,
410 2255 559 2308 Aristotelis
575 2254 738 2327 discipulus,
756 2257 821 2310 olim
834 2256 934 2310 dixisse
946 2257 1051 2310 fertur:
1068 2280 1079 2302 ι
1088 2257 1300 2330 Praeccptoribus
1311 2261 1404 2332 plura,

338 2357 420 2413 quam
438 2340 503 2411 ipsis
518 2339 690 2412 parentibus,
709 2339 849 2406 debemus,
867 2359 951 2413 quum
966 2341 999 2394 ab
1018 2340 1060 2394 bis
1076 2341 1200 2407 vivendi,
1219 2345 1252 2396 ab
1270 2345 1322 2397 illis
1336 2345 1405 2400 benc

338 2423 448 2478 visendi
461 2423 591 2476 rationem
602 2421 813 2494 adipiscamur.»
828 2423 907 2478 Conf.
921 2423 971 2477 inl.
982 2441 1023 2478 vs.
1039 2423 1099 2489 stt,
1111 2423 1177 2492 ²393
1193 2427 1284 2482 Senec.
1297 2427 1331 2482 de
1341 2429 1404 2482 Ben.
1498 2449 1506 2468 ι

341 2507 400 2574 v1‚
412 2511 456 2574 16,
468 2520 536 2560 extr.
550 2506 663 2573 Quintil.
677 2507 720 2574 11,
732 2525 746 2588 a
756 2519 783 2560 et
793 2525 820 2575 9,
830 2525 873 2578 pr.

373 2607 443 2660 Nor.
464 2626 525 2677 ²⁰7·
544 2609 587 2658 Dii
600 2605 657 2660 scil.
669 2605 730 2660 date
740 2648 748 2674 ,
758 2627 807 2662 seu
817 2607 891 2660 dent.
905 2609 1029 2676 sajorum
1040 2620 1193 2661 nostrornm
1205 2613 1301 2672 umbris,
1315 2610 1407 2664 Mani·

339 2690 406 2752 btu;
423 2707 478 2740 non
487 2688 630 2759 sepulcris,
646 2689 674 2741 iu
684 2689 781 2759 quibus
795 2691 901 2743 arborea
912 2690 1075 2752 umbrifera,
1087 2703 1116 2742 ut
1125 2692 1240 2763 putabat
1250 2691 1405 2765 Granqaens,

339 2771 387 2842 qni
402 2783 490 2824 tamen
503 2765 565 2823 mox¹
579 2783 680 2832 mouet,
696 2783 796 2824 veteres
812 2771 919 2826 (iteum
930 2791 961 2825 ac
977 2773 1109 2826 Romanos
1125 2772 1284 2839 credidisse,
1296 2777 1323 2827 in
1337 2777 1405 2848 ipris

339 2851 467 2924 sepulcris
478 2851 757 2904 mortuorum-animas
771 2871 826 2905 una
837 2873 899 2907 cum
909 2855 1082 2927 corporibus,
1095 2874 1144 2908 seu
1153 2856 1244 2910 cinere
1254 2859 1406 2929 aliquantu-

249 2959 253 2964 ·
338 2935 396 2986 lnru
406 2935 535 2996 residere,
546 2934 659 3004 ipsaque
666 2933 736 2986 mole
744 2936 869 3004 ponderis
879 2935 966 3004 affici,
982 2937 1052 2990 unde
1063 2937 1188 2991 solemnis
1201 2953 1323 2993 veterum
1333 2961 1406 2994 mor-

313 3063 318 3076 ,
339 3017 394 3069 tuis
406 3017 475 3069 bene
484 3014 613 3085 precandi
622 3016 749 3078 formula,
762 3016 791 3068 in
802 3019 932 3088 sepulcris
943 3020 1020 3072 etiam
1029 3017 1106 3073 obvia
1115 3019 1142 3072 S.
1151 3019 1184 3072 T.
1196 3019 1231 3075 T.
1243 3021 1275 3074 L.
1290 3023 1343 3077 hoc
1351 3037 1403 3088 est,

340 3101 373 3149 sir
386 3101 431 3149 tibi
440 3113 506 3149 term
516 3099 583 3160 levis,
597 3109 625 3150 et
638 3097 687 3149 Gr.
703 3099 779 3166 κούφη
792 3107 826 3171 γῆ
838 3107 919 3152 τοῦτον
933 3103 1050 3152 καλύπτοι
1063 3103 1107 3170 (ut
1117 3100 1146 3153 b.
1161 3102 1214 3154 loc.
1229 3107 1309 3154 uanis
1320 3119 1344 3156 er
1354 3109 1406 3157 siae

336 3185 447 3250 pondere
459 3194 538 3244 tenc,
548 3191 575 3232 et
586 3178 658 3250 apud
669 3181 734 3233 alios
744 3183 902 3254 scriptores,
913 3185 944 3232 sit
954 3185 1011 3233 levis
1020 3202 1099 3250 cespes
1108 3194 1154 3234 aut
1163 3187 1257 3251 cippus,
1265 3199 1292 3238 et
1303 3191 1408 3241 mollier

320 3281 326 3290 ·
341 3283 398 3318 assa
406 3266 491 3314 cubent
498 3263 541 3315 rel
551 3265 696 3333 quieseant),
706 3275 736 3317 ut
747 3278 839 3318 contra
850 3266 1017 3318 inimicorum
1029 3267 1236 3322 exsecrationes:
1246 3273 1327 3321 rituli
1336 3287 1406 3324 rem

340 3350 438 3417 praru,
452 3361 537 3416 urgeat
548 3367 604 3398 osra
614 3350 687 3415 lapis,
701 3349 792 3399 άιιιίτιν
801 3367 856 3400 ossa
866 3351 961 3400 cubent.
973 3358 983 3383 ¹
1175 3345 1180 3354 '

377 3443 445 3495 Nor.
466 3441 525 3494 aod.
545 3441 643 3496 Priscis
660 3443 827 3514 temporibus
844 3462 899 3495 non
914 3441 994 3496 modo
1011 3443 1105 3498 tumuli
1120 3457 1287 3500 mortuorum
1303 3453 1405 3521 sparsis

342 3522 452 3577 floribus
462 3523 621 3596 corollisque
630 3525 803 3588 ornabantur,
814 3523 860 3577 sed
869 3525 931 3578 hinc
940 3525 1017 3577 etiam
1026 3525 1148 3578 homines
1157 3525 1303 3583 credidisse
1312 3531 1406 3586 riden-

342 3618 396 3672 tur,
408 3607 436 3659 iu
444 3604 537 3658 iisdem
547 3605 625 3658 flores
636 3624 716 3658 auare
728 3607 828 3659 olentes
838 3621 932 3678 sponte
944 3607 1029 3670 nasci,
1042 3606 1187 3677 Manesque
1197 3609 1285 3665 adhuc
1297 3617 1404 3668 coronis

342 3691 488 3762 annuisqnc
496 3690 668 3743 libationibus
675 3688 810 3754 delectari,
819 3701 846 3742 et
854 3709 914 3740 vere
918 3706 1034 3758 perperus
1043 3689 1104 3742 frui.
1116 3689 1179 3744 vid.
1189 3692 1262 3746 Suet.
1273 3699 1344 3770 Aug.
1359 3700 1404 3762 18,

342 3773 439 3826 lltben.
452 3773 517 3837 XV,
530 3773 855 3846 pag.679;rlntbol.1at.
870 3771 1209 3844 Burm.11,4;epigr.99,
1226 3776 1285 3840 186,
1300 3792 1327 3832 et
1340 3787 1404 3850 ²473

761 3941 940 3962 mmm
943 3941 989 3960 m

380 4039 389 4065 ¹
409 4034 481 4086 Cous.
499 4036 590 4086 Jacobs
606 4035 638 4085 ad
654 4035 755 4086 Autbol
773 4039 851 4086 Grac.
894 4041 968 4090 Rom.
986 4040 1040 4098 111,
1055 4055 1085 4102 93
1103 4040 1213 4090 llrissou.
1228 4042 1259 4090 de
1276 4047 1354 4094 Fortu.
1371 4049 1400 4108 1,

342 4122 402 4162 tom.
411 4115 438 4172 1,
449 4131 505 4178 pag.
518 4117 565 4164 133
575 4132 583 4178 ;
595 4117 738 4165 Klrchumn.
748 4118 778 4165 dc
790 4121 851 4166 Fun.
895 4135 923 4170 n.
938 4118 1149 4178 rtb;s·sssnb.ad
1157 4117 1227 4172 Pers.
1236 4125 1262 4184 l,
1272 4124 1312 4184 37.
