3056 4984
1363 330 1374 366 t

337 440 401 522 294
447 437 491 505 D.
507 437 606 501 JUN.
623 435 890 500 IUVENALIS
909 435 1085 502 SATIRA
1105 437 1302 520 QUINTA.

334 556 535 648 Intactoque
551 578 689 639 omnes,
706 568 740 622 et
755 555 873 623 stricto
891 569 978 648 pane
995 556 1122 625 tacetis.

335 663 396 732 Ille
413 665 516 760 sapit,
533 665 591 758 qui
610 679 643 734 te
659 663 708 734 sie
724 665 841 733 utitur.
859 667 982 734 Omnia
998 665 1087 734 ferre
1360 699 1407 752 17⁰

334 774 371 842 Si
388 789 501 869 potes,
518 791 553 844 et
568 774 670 843 debes
687 799 695 842 :
721 774 920 869 pulsandum
937 776 1065 846 vertice
1082 801 1157 845 raso

335 885 503 954 Praebebis
519 885 721 979 quandoque
739 902 856 980 caput,
874 910 938 954 nec
957 884 1041 952 dura
1057 885 1190 954 timebis

335 993 453 1089 Flagra
469 996 556 1091 pati,
572 995 626 1066 his
643 994 750 1090 epulis
765 1010 800 1064 et
816 995 873 1064 tali
892 995 1013 1090 dignus
1028 995 1147 1064 amico.

336 1220 443 1296 leporis
461 1221 549 1280 frusta
568 1223 649 1280 dabit
667 1224 769 1292 Virro,
784 1233 834 1278 aut
849 1239 884 1278 ex
902 1223 965 1297 apri
979 1239 1070 1298 perne
1083 1222 1231 1298 quidpiern
1249 1223 1404 1299 largietur:

336 1315 448 1389 galline
457 1315 590 1391 saginate
601 1334 667 1390 pern
680 1314 776 1389 aliqua
790 1314 927 1371 modoad
938 1334 992 1370 nos
1002 1334 1093 1389 usque
1105 1313 1247 1370 deveniet.
1263 1315 1312 1371 sie
1323 1333 1408 1388 expe-

337 1407 399 1464 dito
414 1426 488 1481 pane
504 1407 686 1482 intactoque,
700 1427 733 1463 ne
749 1406 906 1462 identidem
921 1417 1031 1463 tantum
1045 1408 1190 1478 delibato,
1202 1408 1240 1463 nd
1258 1425 1322 1463 rem
1336 1407 1407 1462 bene

336 1499 491 1575 gerendam
505 1500 597 1574 parati
612 1499 847 1576 experroefiqne,
861 1499 1008 1555 fortunam
1023 1499 1138 1556 silentio
1155 1499 1335 1575 exspectatis.
1347 1499 1407 1575 Ego

336 1590 491 1648 Virronem
503 1591 605 1663 lando,
616 1609 757 1665 resapere
769 1603 859 1666 puto,
876 1591 926 1666 qui
937 1592 973 1648 de
983 1603 1010 1648 te
1021 1592 1061 1650 sic
1073 1591 1162 1647 risum
1174 1591 1230 1648 sihi
1243 1601 1362 1666 quierat.
1378 1592 1407 1648 si

335 1683 396 1739 haec
412 1693 469 1738 tam
480 1683 599 1760 indigna
611 1683 672 1759 poti
685 1694 781 1759 potes,
796 1684 884 1740 debes
894 1683 1045 1758 prosecto;
1059 1701 1113 1740 uec
1124 1682 1229 1739 dubito
1238 1683 1312 1757 quin
1326 1681 1406 1738 breri

336 1776 517 1833 tondendum
527 1787 612 1851 caput
620 1795 653 1834 no
664 1776 832 1833 eaedendmn
841 1776 946 1850 alapis,
959 1775 1094 1834 humeros
1107 1774 1226 1853 flagellis
1234 1775 1407 1832 scindendos

335 1869 479 1943 prebeas,
498 1869 602 1946 dignus
624 1869 675 1946 (nii
696 1869 799 1926 talibus
818 1869 909 1944 epulis
930 1887 1059 1942 vescere,
1077 1871 1128 1946 qni
1149 1869 1242 1929 amico
1264 1869 1406 1943 ejusmodi

337 1962 479 2038 glorieris.
