3148 4990
332 405 373 482 52
477 401 647 466 VARIAE
676 400 969 466 LECTIONES
997 401 1061 466 ΕΤ
1090 393 1244 468 NO'lAE

329 516 403 578 alite,
418 531 449 565 ex
460 511 547 582 inepta
558 510 713 582 etymologia
724 521 779 563 orta
791 549 798 574 ‚
812 527 893 581 quum
906 523 979 564 vetur
988 507 1094 581 quidam
1108 522 1183 581 poeta
1195 499 1271 566 λιοῦς
1281 527 1313 561 er
1323 501 1395 564 λεἰσ

330 597 462 651 duxinet:
477 593 531 648 vid.
543 593 676 664 Heynium
684 592 718 645 ad
727 591 848 664 Apollod.
861 593 891 658 1,
902 611 928 662 7,
939 613 952 646 a
964 632 972 660 ,
984 605 1011 646 et
1023 593 1179 646 llerrmanni
1188 594 1300 667 Mytbol.
1312 605 1331 646 t.
1344 592 1394 657 11,

381 719 387 732 .
402 677 462 731 305.

329 699 431 827 ΡΙἰὼν.
451 774 493 836 84.
509 769 634 842 Rigaltiua
653 771 681 822 in
694 769 760 822 Dies.
772 768 806 821 de
816 769 868 822 Sat.
880 770 998 822 Juvenal
1010 781 1098 836 notat,
1110 769 1152 824 hia
1163 771 1250 824 verbi·
1260 771 1395 825 subtiliter

327 857 421 921 innui,
433 855 507 907 futile
519 872 573 907 eece
585 871 616 905 ae
626 849 834 923 perabsurdum,
851 849 923 926 quod
936 863 1019 922 poete
1037 852 1187 905 fabulentur
1205 853 1238 906 de
1256 853 1394 906 sanctitate

327 956 448 1002 morum,
468 936 504 987 ob
523 953 603 1007 quam
620 933 763 986 Deucalion
782 945 807 985 et
823 932 924 1004 Pyrrha
943 935 1036 986 servati
1054 934 1106 987 tint
1122 946 1254 1006 tamquam
1273 937 1393 1009 exempla

327 1018 476 1092 reparando
486 1016 647 1089 posteritati,
665 1034 749 1087 neque
761 1027 858 1068 castam
870 1016 950 1068 fauere
961 1017 1089 1088 Pyrrham
1101 1058 1108 1084 ‚
1127 1017 1173 1071 sed
1185 1019 1274 1089 potius
1288 1037 1392 1090 magam

328 1113 352 1154 et
364 1102 466 1166 lenam,
480 1118 538 1171 qun
552 1098 674 1170 pmjectia
685 1109 745 1169 poet
759 1109 828 1169 terga
839 1117 885 1151 aua
898 1100 965 1152 saxia
976 1099 1058 1152 nudas
1070 1101 1169 1172 puellas
1182 1100 1312 1167 ediderit,
1326 1121 1393 1172 quaa

327 1184 443 1236 maribus
455 1181 613 1235 conciliaret.
627 1183 660 1232 At
671 1180 755 1251 Heyn.
769 1181 898 1247 -Vereor,
915 1180 1017 1252 inquit,
1033 1201 1067 1235 ne
1079 1182 1129 1235 hoc
1141 1183 1245 1253 Rigaltii
1256 1201 1393 1236 commen·

326 1279 383 1319 tum
392 1264 494 1320 venerit
503 1283 551 1336 per
562 1275 664 1335 portam
676 1263 833 1316 eburneam:
847 1281 907 1314 uam
921 1273 949 1313 ut
960 1263 1003 1314 vel
1014 1264 1126 1317 maxime
1137 1266 1269 1317 luvenalis
1280 1267 1394 1320 obacure

326 1361 398 1402 notet
416 1348 535 1401 hominen
557 1347 597 1402 aui
617 1345 757 1416 temporis,
780 1357 866 1396 tamen
888 1345 915 1396 in
936 1346 1017 1398 cancie
1039 1345 1107 1412 illia,
1131 1346 1183 1398 boc
1200 1347 1393 1418 perabsurdum

327 1444 400 1486 earet.
410 1458 421 1479 ι

361 1529 428 1581 Nor.
448 1529 491 1580 86.
503 1527 603 1578 Vocem
617 1527 734 1576 discursus
742 1523 807 1575 Brit.
822 1542 875 1575 non
888 1522 920 1575 ad
932 1541 1027 1593 corpus
1041 1523 1137 1588 refert,
1150 1522 1195 1575 aed
1211 1522 1244 1575 ad
1254 1525 1392 1592 animum,

326 1625 356 1665 ut
365 1613 492 1683 significet
502 1611 612 1662 aflectus
622 1620 648 1662 et
658 1606 865 1679 perturbationes
876 1607 931 1677 ejut
940 1644 947 1670 ,
957 1605 1052 1676 quibua
1062 1605 1136 1677 quani
1147 1604 1302 1677 quibusdam
1316 1608 1394 1661 furiis

326 1713 398 1748 mena
410 1695 525 1746 hominis
537 1711 608 1744 nunc
619 1689 689 1755 hnc,
700 1707 771 1741 nunc
784 1689 846 1741 illuc
859 1688 944 1759 agitur
954 1708 962 1753 ;
974 1689 1016 1740 vel
1026 1687 1060 1741 ad
1071 1687 1254 1760 quotidianum
1262 1691 1394 1745 salutandi

326 1775 445 1829 officium
455 1815 463 1842 ,
475 1787 505 1827 ut
516 1773 587 1846 apud
599 1771 745 1824 Martialem
755 1771 810 1822 V11
822 1811 829 1836 ‚
843 1769 895 1836 38,
911 1788 941 1835 1,

601 1868 725 1914 Diacuraua
737 1866 826 1918 rarior,
838 1879 970 1926 vagumque
982 1880 1061 1920 mane,

602 1947 631 1992 Et
643 1945 729 1996 iratur,
742 1952 765 1988 et
779 1944 830 1988 Ave
840 1942 1017 2002 potentiorum,

326 2046 374 2088 ete.
393 2033 491 2087 Confer
508 2031 543 2086 ad
561 2031 598 2097 V,
621 2048 651 2082 ar
670 2048 724 2100 seq.
742 2027 829 2080 Potest
849 2027 926 2080 etiam
947 2025 1055 2098 proprie
1073 2026 1155 2097 accipi
1175 2025 1208 2078 de
1227 2025 1346 2080 discursu
1366 2041 1394 2080 et

325 2116 418 2169 atudiia
431 2115 586 2180 hominum,
600 2113 647 2184 qui
660 2110 694 2167 ad
707 2111 827 2174 divitiae,
842 2111 883 2163 vel
897 2109 1009 2162 honores
1022 2120 1047 2160 et
1059 2108 1167 2179 gloriam
1179 2109 1307 2175 nituntur,
1321 2111 1392 2162 mul-

325 2200 411 2272 tisque
428 2210 565 2270 propterea
583 2208 610 2247 et
624 2194 703 2248 variis
720 2192 939 2263 occupationibus
956 2189 1120 2242 dnonentur.
1130 2195 1296 2260 -Fonngo,
1312 2211 1392 2263 argu·

325 2292 441 2333 mentum
458 2280 560 2332 varium
580 2291 605 2330 et
623 2278 751 2340 niixtum3
772 2274 878 2346 proprie
896 2273 1022 2344 pabulum
1043 2271 1261 2344 quadrupedum,
1280 2294 1295 2327 e
1311 2275 1391 2327 tritici

326 2380 436 2434 genere,
450 2360 484 2413 de
496 2379 550 2432 quo
561 2358 622 2412 vide
632 2357 742 2410 Caraub.
754 2355 788 2408 ad
800 2356 915 2421 Perav,
927 2373 969 2424 77.

360 2456 427 2510 Nor.
447 2455 490 2525 87.
506 2454 639 2523 Grangeus
651 2463 784 2524 comparat
795 2451 872 2503 verba
884 2450 987 2502 Seneca
1001 2449 1027 2500 in
1040 2448 1149 2500 Octavia
1162 2467 1169 2500 ε

572 2548 674 2592 Colleeta
687 2547 742 2593 vitia
755 2555 809 2608 poet
820 2555 856 2590 tot
868 2552 946 2590 aetates
958 2543 999 2588 diu

329 2675 331 2680 ¹
571 2623 598 2666 lu
611 2637 654 2666 noa
665 2621 810 2674 redundent,
823 2619 906 2664 iaculo
921 2617 1049 2678 premimur
1060 2617 1133 2677 gravi.

326 2711 386 2764 Non
403 2709 481 2760 lalana
499 2719 568 2759 vates
586 2707 670 2758 suerat
687 2706 810 2758 Horatius
830 2705 953 2770 Od.111‚
973 2708 1007 2770 6,
1023 2723 1054 2774 ¹7
1065 2723 1120 2776 aeq.
1135 2713 1160 2756 et
1173 2704 1204 2766 45
1221 2724 1274 2776 req.
1289 2707 1390 2762 Confer

326 2793 393 2845 inira
405 2809 471 2843 vera.
487 2795 599 2859 147seq.
612 2787 758 2840 Henninina
770 2790 907 2852 observat,
926 2787 1072 2839 uberiorem
1084 2805 1185 2858 semper
1196 2806 1251 2840 eaae
1260 2791 1387 2845 vitiorum

325 2875 445 2946 copiam,
465 2871 570 2943 quando
586 2871 677 2922 recula
699 2870 752 2922 tint
770 2870 870 2923 erudita
883 2889 943 2938 eum
961 2871 1036 2941 longa
1055 2890 1119 2942 pace
1132 2883 1158 2922 et
1168 2871 1245 2924 rebus
1257 2877 1390 2945 prosperis

326 2961 480 3030 conjuncta,
497 2971 580 3026 quum
598 2952 705 3005 adverae
723 2963 750 3004 et
767 2953 923 3005 calamitates
937 2953 1055 3005 homines
1072 2951 1182 3005 reddant
1200 2956 1288 3025 paullo
1306 2959 1389 3030 magis

326 3042 401 3114 pion
420 3037 482 3090 inde
498 3047 601 3107 poetam
611 3035 652 3086 vl
663 3074 670 3100 ,
685 3051 735 3101 ²9²
746 3075 754 3100 ,
775 3035 849 3106 queri
860 3076 867 3100 ,
885 3036 1015 3088 Romanor
1027 3038 1085 3104 pati
1100 3041 1178 3105 loagoe
1185 3041 1256 3104 pacti
1267 3044 1343 3094 mala,
1352 3071 1390 3082 -.

328 3125 432 3192 Quando
442 3122 521 3187 major
528 3120 638 3168 avaritioe
642 3119 724 3184 patuit
733 3119 813 3178 euntes,
833 3118 1008 3188 metaphorica
1026 3117 1125 3186 dictio,
1138 3139 1217 3191 quam
1234 3123 1278 3174 alii
1293 3137 1388 3194 putant

327 3205 490 3274 desumptam
499 3219 553 3253 ease
561 3219 576 3251 a
584 3199 643 3252 sinu
652 3211 732 3271 toga,
747 3201 836 3271 inquo
845 3201 967 3272 pecunia,
983 3201 1038 3252 sive
1050 3202 1209 3272 marsupium
1219 3221 1233 3254 e
1242 3204 1310 3256 collo
1321 3224 1388 3276 pen-

325 3289 390 3342 dens
400 3287 508 3358 aliaeque
519 3303 560 3336 rea
571 3283 762 3347 condebantur,
774 3295 799 3334 et
810 3284 941 3355 laquem,
956 3301 1009 3354 quo
1022 3283 1106 3335 laxior
1116 3297 1170 3336 erat
1183 3297 1240 3355 toga
1253 3291 1389 3359 majorque

325 3373 412 3436 ainus,
426 3389 457 3422 eo
470 3369 545 3440 plura
555 3366 657 3419 demitti
668 3378 803 3438 poterant3
822 3366 865 3419 alii
876 3385 938 3418 vero
950 3385 963 3418 a
977 3365 1172 3435 navigantibus,
1185 3385 1298 3438 quorum
1311 3371 1367 3422 vela
1379 3411 1387 3436 ,

325 3473 378 3526 quo
394 3454 518 3524 majorem
536 3449 665 3521 explicant
680 3449 783 3515 alnum,
804 3468 835 3501 eo
852 3453 975 3521 majorem
992 3459 1129 3500 ventorum
1145 3448 1199 3500 vim
1218 3449 1358 3521 excipiunt.

358 3613 426 3660 Van.
446 3611 478 3657 88
492 3619 517 3656 et
531 3609 571 3670 89.
585 3606 648 3655 Alea
661 3605 762 3669 quando
776 3608 832 3654 Herc
845 3605 939 3653 oninaos
952 3606 1016 3664 conj.
1030 3605 1102 3652 Heio.
1113 3603 1170 3651 vid.
1184 3605 1278 3654 Cornua.

358 3705 426 3756 Nor.
448 3702 481 3754 88
491 3713 516 3754 et
526 3701 569 3766 89.
587 3703 692 3766 Quando
704 3704 761 3750 alea
773 3701 830 3757 ios,
844 3708 898 3761 tot,
910 3699 1004 3746 animos
1018 3695 1116 3748 scilicet
1129 3697 1214 3768 cepit,
1228 3700 1388 3769 occuparit?

324 3787 440 3858 Abrupta
453 3785 536 3837 oratio
549 3782 657 3834 affectui
670 3793 839 3833 consentanea
852 3791 897 3832 est.

358 3932 425 3978 Van.
444 3892 477 3991 89
489 3939 512 3975 et
521 3943 562 3991 9⁰·
577 3928 663 3990 Neque
672 3924 736 3974 enim
750 3928 767 3974 l.
779 3943 801 3972 e.
816 3925 883 3972 itur:
894 3922 936 3971 Ad
945 3940 1026 3972 cesum
1040 3924 1130 3972 tabulae
1138 3924 1223 3989 posita
1235 3925 1280 3972 sed
1289 3925 1385 3974 luditur

258 4007 266 4024 '
321 4027 398 4068 aro,
410 4009 632 4074 interpungendum
646 4006 774 4076 videbatur
787 4009 818 4054 ll.
832 4006 937 4054 Valerio.

355 4100 424 4162 Nor,
444 4101 486 4166 89.
501 4103 585 4166 Neque
596 4102 673 4160 uuio,
688 4117 774 4171 neque
785 4099 862 4152 etiam
877 4097 1142 4167 (vid.adX1,3o),
1160 4097 1202 4150 vel
1219 4115 1304 4169 neque
1320 4117 1384 4151 vero
