3148 4990
445 391 451 402 ·
544 378 804 444 ANALYSIS.
1163 377 1202 447 81

137 493 267 554 videficet
274 495 390 566 Stoicae,
396 495 432 552 id
439 495 601 573 intelligiex
609 497 690 554 omni
696 496 901 556 sententiarum
907 505 1206 573 eonteatnoporteret.

138 589 312 646 Ceternmin
321 588 524 664 superioribus
535 588 621 646 etiam
630 590 770 646 nonnulla
780 589 868 646 moris
877 589 1041 648 Stoicorum
1050 591 1156 647 habent
1167 591 1207 647 si-

136 677 541 758 gnificationem,quaevnlgo
552 680 646 738 minus
654 681 930 739 animadvertuntur.
941 682 1043 740 Stoicae
1053 683 1208 759 disciplinae

137 785 324 832 mmtatores
336 777 413 832 male
431 773 585 831 audiebant
600 773 637 830 ab
652 773 752 832 infami
767 774 903 846 libidine,
915 787 949 832 ut
969 777 1068 834 molles
1086 788 1114 832 et
1133 788 1209 834 cata-

138 865 216 920 miti:
228 863 406 942 upnpa'ltm
418 884 483 941 quar
493 875 535 921 est
545 864 630 941 origo
640 865 719 922 vocis
731 866 852 937 latinae,
863 867 1083 943 lexicographis
1094 868 1209 945 ignota;

138 950 310 1016 rabam
320 956 457 1031 appellati
468 957 505 1012 ab
519 956 636 1012 Hermia
653 956 684 1011 in
701 955 801 1013 iambis
816 975 861 1032 ap.
875 957 979 1014 Athen.
992 958 1079 1026 XIII,
1093 977 1121 1032 p.
1136 957 1211 1026 563,

138 1049 177 1118 E,
194 1046 247 1102 ubi
266 1045 364 1103 statim
380 1047 442 1122 ipse
458 1048 630 1121 Athenaeus,
644 1047 792 1124 Antigono
811 1047 941 1124 Carystio
957 1059 1093 1120 auctore,
1108 1049 1211 1105 addit:

140 1136 182 1196 ul
201 1142 275 1211 roilo
296 1138 368 1213 μοίοι
388 1137 539 1215 ι’ζηλυιῖἳις
558 1135 600 1198 air
621 1136 735 1217 ae'pxnyir
753 1146 800 1205 riis
816 1136 908 1214 σοφίαι
922 1137 1019 1204 Ztimra
1035 1135 1077 1198 air
1092 1138 1211 1215 minu,

141 1227 166 1294 is
176 1227 302 1291 additare
317 1231 417 1302 svumsl
430 1231 568 1308 imnis-40,
583 1228 719 1294 παιδὶαῐς
731 1227 759 1290 d'
765 1228 812 1290 risi.
838 1231 923 1288 Cous.
937 1231 1022 1310 Diog.
1036 1225 1127 1289 Laerl.
1139 1237 1213 1304 Vll,

144 1324 193 1394 13,
208 1343 244 1379 ex
259 1324 408 1380 verissima
419 1324 531 1382 emend.
546 1323 686 1398 Schweig.
701 1323 798 1378 Auim.
814 1321 843 1378 in
858 1324 962 1402 Athen.
976 1325 1010 1380 T.
1026 1325 1100 1394 vlt,
1121 1345 1150 1399 p.
1166 1326 1212 1382 36.

142 1417 179 1472 Et
192 1415 234 1472 sic
247 1415 341 1470 verba
361 1417 491 1472 Herculis
503 1415 579 1472 dicta
592 1424 660 1471 sunt
672 1434 701 1470 a.
717 1431 771 1484 ao,
785 1413 904 1490 grandia
919 1408 1037 1488 quidem
1054 1433 1087 1470 ac
1105 1423 1209 1492 magni-

141 1504 212 1576 lica,
231 1506 365 1580 qualibus
382 1508 519 1564 Herodes
535 1518 684 1576 uteretur,
701 1519 734 1562 ut
747 1501 913 1581 exponunt3
932 1507 983 1563 scd
1000 1527 1065 1563 cum
1082 1521 1213 1582 respectu

142 1599 179 1656 ad
194 1599 312 1657 Stoicos
328 1617 409 1674 paene
428 1601 569 1676 Cynicos,
593 1599 644 1674 qui
662 1595 815 1656 Herculem
834 1618 864 1656 se
884 1598 990 1654 imitari
1011 1598 1159 1672 dicebant,
1179 1603 1216 1659 ad

143 1689 262 1764 ejusque
277 1708 446 1764 personam,
461 1710 550 1764 quum
564 1691 707 1766 reliquum
719 1690 864 1762 habitum,
881 1701 942 1746 tum
954 1709 1025 1747 vcro
1040 1691 1124 1748 etiam
1137 1694 1217 1750 vocis

142 1800 246 1838 sonum
258 1792 288 1836 et
301 1780 493 1856 granditatem
502 1781 659 1838 verborum
674 1781 909 1838 conformabant:
921 1801 950 1837 a.
962 1783 1075 1858 Menag.
1086 1785 1122 1840 ad
1131 1787 1218 1862 Diog.¹

145 1876 238 1931 laert.
257 1875 317 1941 Vl,
332 1892 357 1928 a.
371 1874 445 1930 Rem
459 1873 588 1930 eamdem
600 1872 731 1930 Hermiae
742 1873 880 1948 expressit
891 1873 968 1947 apud
981 1875 1086 1931 Athen.
1099 1877 1118 1932 l.
1131 1897 1155 1933 c.
1168 1898 1222 1935 vo·

146 1966 250 2023 cabulo
273 1975 343 2040 apto
366 1977 395 2021 et
419 1965 566 2040 elegante,
592 1960 750 2041 rpyqebis,
770 1965 876 2039 quique
899 1964 1007 2022 ibidem
1031 1965 1152 2031 >troiam
1173 1971 1220 2025 vel

146 2054 261 2117 >triaue
271 2072 326 2129 per
334 2065 544 2129 contemptum,
555 2064 690 2129 tanquam
697 2055 784 2111 Stoici
788 2056 890 2128 pusilli
895 2098 902 2120 ,
910 2056 970 2112 siae
977 2058 1106 2128 Seniculi,
1118 2059 1219 2116 dicun·

146 2159 209 2218 tur,
227 2167 278 2204 eos
288 2147 349 2220 jam
362 2151 519 2222 Grangaeus
532 2147 609 2205 land
624 2145 741 2203 indocte
757 2165 822 2202 cum
838 2145 984 2203 luvenalis
996 2149 1129 2205 Stoicidis
1142 2169 1220 2206 caim-

147 2240 281 2316 paravit:
300 2259 360 2296 nou
382 2249 478 2296 tamen
498 2238 571 2296 adeo
593 2248 700 2294 certam
714 2247 846 2312 putamus
859 2237 1049 2311 scripturam,
1068 2258 1132 2314 quse
1144 2261 1221 2298 nnuc

148 2331 281 2389 Athenaei
293 2331 326 2386 in
342 2330 424 2386 libris
438 2330 554 2408 vulgata
568 2340 628 2400 eat,
645 2339 679 2384 ut
692 2328 728 2385 de
744 2327 820 2384 illius
836 2325 999 2404 integritate
1016 2330 1087 2386 nihil
1101 2334 1223 2409 amplius

149 2423 338 2498 quarendum
351 2421 493 2478 videatur.

191 2516 258 2570 llaec
277 2513 397 2570 omnino
416 2501 613 2588 probabiliora
629 2523 710 2582 sunt,
730 2530 816 2585 quam
831 2510 969 2568 sententia
992 2522 1021 2569 et
1037 2513 1152 2587 Crenii,
1172 2517 1222 2591 qui

152 2607 183 2662 in
199 2607 389 2663 animadvers.
402 2603 505 2680 philol.
522 2615 551 2660 et
567 2604 633 2660 hist.
652 2605 682 2659 P.
702 2605 792 2672 XIII,
811 2621 839 2678 p.
859 2622 914 2674 17,
930 2623 1028 2660 versus
1045 2605 1157 2676 1—65,
1178 2627 1223 2664 re-

152 2699 218 2756 tulit
236 2700 275 2756 ad
292 2697 447 2774 collegium
465 2716 482 2752 a
504 2695 672 2752 Domitiano
694 2693 833 2750 Minerva
848 2693 1025 2766 institutum,
1048 2707 1077 2752 et
1093 2697 1223 2754 omnium

151 2803 243 2868 poetar
261 2793 469 2866 interpretum,
489 2789 539 2866 qui
560 2807 609 2845 eos
628 2793 756 2862 spectare
775 2798 879 2862 putant
891 2787 928 2843 ad
948 2789 1136 2863 philosophos
1154 2801 1223 2848 tunc

153 2883 292 2959 temporis
301 2883 449 2952 virentes,
461 2891 547 2955 atque
559 2889 681 2955 propter
694 2897 808 2935 morum
822 2877 992 2952 pravitatem
1006 2881 1087 2936 Urbe
1100 2891 1129 2938 et
1142 2881 1223 2938 ltalia

152 2978 287 3052 expulsos
296 2975 393 3032 edicto
401 2972 561 3030 Domitiani
570 2970 631 3048 (qni
641 2982 736 3027 tamen
744 2968 835 3042 majus
844 2970 1122 3046 inphilosophorum
1135 2974 1224 3049 perti-

155 3071 266 3127 naciam
277 3081 306 3126 et
319 3069 481 3124 libertatem
490 3065 648 3142 loquendi,
663 3083 749 3140 pram
762 3063 976 3137 improbitatem
988 3075 1017 3120 et
1026 3065 1111 3135 vitia,
1122 3067 1222 3123 odium

153 3160 286 3218 babuisse
301 3169 331 3215 et
340 3159 397 3215 boc
409 3156 451 3213 illi
462 3154 644 3231 praetendisse
657 3154 813 3211 censendus
826 3164 881 3225 est,
896 3154 933 3210 de
944 3173 1003 3229 quo
1014 3155 1073 3211 vid.
1088 3157 1221 3233 Sulpiciae

153 3255 244 3332 Sat);
256 3273 324 3309 nam
338 3253 368 3309 iu
381 3251 477 3309 verbis
493 3251 590 3326 potius
606 3249 779 3320 convenire,
794 3267 878 3323 quam
895 3249 932 3305 ad
945 3268 1007 3306 rem
1020 3250 1163 3325 quadrare
1178 3251 1220 3307 vi-

153 3348 261 3405 dentur
270 3346 373 3404 similia
383 3385 392 3416 ,
404 3363 467 3420 qnae
479 3343 516 3400 de
524 3341 703 3418 pbilosophis
716 3341 815 3399 dixere
825 3342 1018 3412 Quintilianus
1026 3341 1036 3417 (
1044 3344 1223 3418 potissimum

152 3440 183 3495 in
191 3442 308 3496 Prooem
321 3438 372 3492 lib.
383 3437 413 3505 l,
423 3438 492 3491 lust.
502 3437 553 3492 Or.
568 3434 585 3509 §
601 3432 633 3490 15
646 3453 654 3489 r
667 3434 825 3490 «Vetemm
834 3431 950 3509 quidem
963 3435 1106 3510 sapientie
1115 3438 1223 3512 profes-

152 3551 252 3588 sorum
268 3531 375 3586 multos
397 3537 426 3584 et
442 3528 561 3584 honesta
584 3519 769 3600 precepisse,
794 3536 839 3596 et,
857 3537 890 3582 ut
907 3539 1119 3602 praeceperunt,
1138 3529 1223 3585 etiam

154 3625 258 3682 vixisse
272 3623 355 3680 facile
369 3621 556 3679 concesserim
566 3641 574 3691 ;
586 3618 692 3676 nostris
701 3635 772 3674 vero
786 3618 963 3692 temporibus
973 3619 1026 3676 sub
1037 3620 1093 3676 hoc
1106 3621 1224 3678 nomine

154 3717 279 3774 maxima
292 3715 323 3770 iu
335 3713 483 3789 plerisque
495 3713 565 3768 uitia
579 3713 746 3768 latuerunt:
768 3729 827 3766 non
843 3710 918 3766 euim
936 3711 1044 3768 virtute
1059 3731 1091 3768 ac
1103 3712 1222 3785 studiis,

155 3821 189 3865 nt
199 3809 378 3864 haberentur
389 3803 570 3880 philosophi,
586 3803 771 3871 laborabant,
792 3802 843 3858 sed
855 3803 968 3856 vultum
982 3813 1011 3858 et
1023 3802 1179 3875 tristitiam,
1196 3816 1224 3863 et

157 3899 372 3958 dissentientem
386 3917 401 3951 a
418 3896 520 3953 ceteris
532 3895 663 3952 habitum
683 3893 811 3968 pessimis
827 3894 957 3950 moribus
977 3895 1223 3976 praetendebant),

157 3990 299 4048 Lucienus
320 3991 352 4045 in
374 3987 506 4065 Cynico,
531 3987 652 4044 Timone
675 3987 692 4061 §
717 3985 853 4056 54-58,
878 3985 1018 4061 Nigrino,
1045 3988 1225 4048 Hermotimo

157 4083 275 4160 aliisque
287 4081 412 4158 dialogis
425 4080 469 4137 his
482 4080 621 4137 similibus
633 4077 792 4156 (Larianus
805 4079 883 4136 enim
895 4079 1037 4154 praecipue
1050 4082 1227 4159 philosophis

244 4200 274 4265 I.
1032 4196 1053 4260 6
