3056 4984
463 475 653 542 surina
681 476 858 544 sexui.
1131 482 1195 571 359

121 589 186 672 Sed
197 591 293 686 jacet
306 592 343 661 in
356 592 444 661 servi
459 593 705 689 complexibus,
720 610 778 663 aut
792 595 924 691 equitis.
938 596 1021 684 Dic,

121 703 184 771 Dic
197 701 363 798 aliquem,
377 701 495 790 sodes,
512 705 586 792 bic,
600 704 828 794 Quintiliane,
844 706 993 776 colorem
1010 733 1019 776 t
1146 725 1197 778 280

121 815 319 900 Haeremus3
334 812 389 882 dic
403 813 485 908 ipsa.
504 813 620 883 «Olim
636 830 858 902 convenerat,
875 817 1001 912 inquit,

121 921 171 990 Ut
184 919 316 992 faceres
333 937 384 1009 tu,
400 923 626 1017 quodvellas3
641 948 789 994 necnon
805 949 869 1020 ego
885 950 1021 1021 possem

120 1030 306 1125 indulgere
320 1033 402 1102 mibi
420 1059 428 1100 :
445 1033 568 1103 clames
581 1032 679 1118 licet,
695 1049 730 1102 et
744 1059 835 1104 mare
854 1025 935 1106 caelo
986 1049 988 1056 “

121 1141 337 1230 Confundas,
355 1143 458 1212 homo
470 1168 581 1214 sum.»
593 1143 687 1216 Nihil
704 1161 755 1216 est
769 1145 927 1216 audacius
941 1144 1005 1215 illis

122 1251 311 1346 Deprensis
326 1277 335 1320 ε
352 1252 438 1322 iram
454 1269 555 1349 atque
568 1254 699 1324 animos
712 1278 733 1322 a
748 1254 888 1324 crimine
902 1269 1051 1353 sumunt.
1147 1268 1196 1323 οδε

171 1361 275 1430 Unde
288 1362 360 1432 brec
375 1379 527 1434 monstra
540 1379 672 1452 umen,
688 1364 747 1434 vel·
757 1389 826 1459 quo
840 1365 882 1434 de
897 1363 1008 1452 fon-te,
1025 1363 1189 1461 requiris?

124 1471 308 1540 pressabat
321 1487 429 1544 castas
443 1473 578 1544 humilis
591 1473 730 1544 fortuna
748 1475 885 1544 Latinas

124 1579 323 1668 Quondam,
338 1607 402 1652 uec
414 1583 508 1653 vitiis
520 1584 672 1678 contingi
686 1609 790 1680 parva
801 1585 958 1655 sinebant

124 1689 229 1758 Tecta
242 1689 352 1778 labor,
366 1692 544 1787 somnique
559 1695 698 1781 breves,
714 1710 750 1764 et
763 1693 887 1764 vellere
900 1695 930 1762 Τ
932 1718 1013 1765 usoo

126 1800 263 1869 Vexata
277 1799 436 1896 duraeque
450 1826 639 1889 manus,ec
653 1803 825 1899 proximus
839 1804 927 1874 Urbi
1148 1835 1198 1886 ²9⁰

126 1909 311 1997 Hannibal,
327 1925 363 1980 et
376 1927 502 1982 stantes
515 1911 648 1983 Collina
661 1929 755 1984 turre
768 1915 890 1984 mariti.

126 2021 227 2088 Nunc
242 2021 391 2116 patimur
405 2008 517 2117 longae*
530 2023 621 2118 pacis
637 2021 723 2092 mala
738 2047 747 2093 τ
764 2023 883 2094 saevior
896 2023 1000 2092 armis
1059 2045 1062 2050 ·

125 2129 278 2198 Luxuria
290 2131 463 2218 incubuit,
479 2132 676 2228 victumque
691 2131 864 2204 ulciscitur
876 2133 1004 2202 orbem.

126 2237 269 2308 Nullum
284 2239 413 2310 crimen
426 2241 540 2327 abest,
555 2239 753 2338 facinusque
770 2241 936 2328 libidinis,
950 2265 991 2310 ex
1004 2263 1072 2335 quo

126 2484 168 2532 tas
180 2476 271 2532 soleti
294 2487 324 2532 at
338 2475 362 2532 si
377 2475 453 2533 forte
467 2465 645 2552 deprebensa
665 2477 753 2534 fuerit
773 2475 870 2549 jacens
887 2475 919 2532 in
940 2473 1139 2554 complexibus
1153 2475 1201 2532 rel

125 2569 217 2640 servi,
231 2570 280 2626 vel
292 2568 410 2644 equitis,
425 2568 490 2641 dic,
504 2565 618 2645 qudso,
636 2569 830 2641 Quintiliane,
843 2568 944 2643 profer
955 2587 1049 2638 nunc,
1067 2568 1091 2624 si
1103 2579 1201 2642 potes,

125 2658 226 2735 profer
245 2661 371 2735 aliquam
387 2661 473 2735 hujus
494 2661 592 2719 delicti
604 2664 838 2731 excusationem,
859 2671 891 2716 tu
909 2661 1045 2738 magister
1060 2661 1201 2736 eloquen-

126 2752 189 2809 ciat
205 2785 249 2797 —
265 2755 430 2824 Haeremus,
448 2754 561 2831 inquis,
578 2754 673 2812 dubii.
689 2787 728 2798 —
748 2755 793 2834 Tu
804 2772 865 2811 non
875 2755 980 2824 haeres,
994 2754 1202 2824 exordiserta3

127 2846 186 2920 ipsa
202 2846 345 2919 loquere:
362 2869 376 2896 α
387 2845 483 2917 Olim,
499 2847 556 2914 ait,
573 2865 664 2922 quum
678 2846 723 2904 de'
736 2846 845 2921 nuptiis
863 2845 970 2903 nostris
987 2855 1138 2922 ageretur,
1151 2863 1203 2918 pa·

126 2947 203 2992 ctum
214 2936 285 3004 ruit,
296 2947 330 2992 ut
341 2955 439 3014 ageres
450 2937 531 3012 quod
542 2937 596 2994 tibi
606 2940 748 3015 placeret,
762 2949 849 3014 atque
861 2957 915 3015 ego
926 2937 998 2994 mihi
1008 2937 1117 3012 pariter
1129 2955 1201 2993 con-

127 3029 261 3087 cederem
276 3030 358 3106 quod
373 3029 492 3102 libere13
508 3031 694 3106 quantumvis
710 3032 831 3100 clames,
852 3039 881 3088 et
894 3028 963 3087 caelo
977 3047 1056 3085 mare
1069 3028 1203 3100 misceas,

127 3121 217 3178 bomo
234 3141 314 3194 snm,
330 3133 364 3179 ut
374 3133 425 3194 tu,
442 3123 527 3180 uobis
539 3117 658 3199 paribus
669 3124 750 3199 paria
761 3135 829 3180 sunt
836 3122 912 3198 J'urn.
922 3147 935 3174 ι»
950 3153 989 3165 -
1003 3122 1085 3179 ‘Nihil
1098 3132 1141 3179 est
1152 3141 1204 3178 au-

128 3214 226 3272 dacius
237 3226 267 3272 et
276 3215 402 3272 feremus
410 3215 580 3273 mulieribus
591 3216 623 3272 in
635 3218 742 3274 scelere
754 3215 957 3292 deprebensis:
972 3234 1007 3272 ex
1020 3218 1082 3292 ipso
1094 3217 1205 3274 ducunt

128 3307 258 3365 animum
269 3317 298 3365 et
309 3307 438 3366 furorem
450 3308 658 3384 proterviores.

169 3400 239 3457 286.
260 3403 396 3456 Attamen
413 3410 498 3476 roget
513 3387 655 3475 quispiam
671 3417 800 3474 quaeum
818 3409 864 3456 tot
882 3398 1021 3456 scelerum
1038 3397 1075 3456 sit
1093 3417 1203 3469 mussa,

130 3513 187 3569 quo
202 3511 239 3550 ex
252 3493 333 3550 fonte
348 3491 483 3550 libidines
498 3503 556 3548 tam
570 3503 746 3567 portentosae
760 3489 916 3548 fluxerint?
935 3495 1073 3548 Veterum
1087 3492 1205 3549 latino*

130 3607 195 3644 rmn
204 3603 313 3644 uxores
324 3587 447 3643 tenuitas
458 3595 487 3642 et
498 3585 595 3664 inopia
606 3585 649 3643 rei
660 3584 807 3642 familiaris
820 3595 908 3642 castas
922 3583 1206 3666 efficiebatqarcebat

130 3680 166 3736 ab
182 3695 286 3736 eorum
301 3678 371 3735 casis
382 3678 452 3734 vitia
464 3677 554 3734 durus
571 3678 664 3748 labor,
679 3677 752 3736 etin
764 3679 884 3734 multam
900 3677 1060 3752 productus
1073 3687 1205 3748 noctem

129 3769 249 3846 mgdioe,
263 3781 293 3826 et
303 3787 404 3826 manus
414 3769 556 3826 induratae
567 3764 734 3844 vexatasque
746 3769 777 3826 in
788 3769 957 3826 staminibus
971 3771 1155 3831 Etruscarum
1166 3769 1207 3826 la-

130 3881 233 3920 narum
245 3863 436 3934 deducendis,
448 3872 478 3920 et
488 3863 621 3920 instantis
630 3862 781 3921 Annibalis
795 3873 907 3932 terror,
925 3863 976 3936 qui
986 3861 1066 3918 viros
1079 3861 1205 3938 ipsarum

131 3957 253 4032 cogebat
274 3955 313 4012 ad
335 3966 450 4031 portam
471 3955 613 4011 Collinam
635 3955 669 4012 in
688 3955 818 4012 turribus
837 3955 936 4011 Rome
958 3953 1092 4010 excubias
1111 3973 1204 4031 agere.

131 4049 215 4106 Nunc
231 4047 322 4106 exitio
336 4048 422 4104 nobis
435 4059 478 4104 est
489 4048 626 4105 diuturna
639 4066 709 4122 pax,
726 4046 807 4120 cujus
822 4047 898 4104 suala
912 4045 1047 4121 patimur.
1063 4045 1206 4118 Luxuria,

132 4140 210 4196 omni
224 4140 305 4197 bello
317 4139 485 4209 crudelior,
495 4139 649 4214 occupavit
662 4139 827 4209 Romanos,
846 4155 879 4195 ac
892 4155 1020 4213 peream
1038 4135 1117 4195 orbis
1124 4182 1134 4212 ,
1151 4155 1206 4196 no·

132 4231 196 4288 stris
209 4231 283 4288 olim
295 4229 382 4289 armis
397 4230 540 4304 domitus,
555 4249 655 4308 poenas
672 4249 689 4288 u
708 4231 793 4288 nobis
813 4230 927 4306 repetit.
948 4231 991 4287 Ex
1009 4247 1068 4304 quo
1082 4229 1205 4305 priscam
