3148 4990
292 461 312 526 8
564 463 605 528 D.
634 462 772 528 JUNII
799 459 1096 530 IUVENALls·

290 581 335 648 Et
350 603 412 648 nos
429 603 511 674 ergo
526 603 662 648 manum
678 575 793 648 ferulae
808 577 1042 670 subduximus3
1061 596 1096 650 et
1111 603 1173 652 nos
1330 597 1363 650 1⁵

291 688 480 760 Consilium
496 690 650 759 dedimus
665 688 782 775 Sullae,
799 691 950 785 privatus
966 708 1004 762 ut
1021 691 1125 762 altum

290 801 473 870 Dormiret.
491 801 600 869 Stulta
615 814 666 869 est
681 798 876 886 clementia,
893 826 997 897 quum
1014 817 1065 872 tot
1080 804 1203 898 ubique

290 911 432 980 Vatibus
448 935 623 998 occurras,
640 911 801 1005 periturae
817 934 956 1004 parcere
974 912 1107 984 charta.

338 1025 409 1092 Cur
424 1038 536 1090 tamen
553 1021 618 1091 hoc
635 1021 746 1116 potius
762 1019 863 1091 libeat
880 1021 1059 1091 decurrere
1077 1048 1214 1117 campo,

289 1135 355 1200 Per
370 1157 470 1226 quem
486 1157 628 1227 magnus
645 1155 747 1224 equos
763 1133 931 1200 Auruncae
949 1129 1040 1198 flexit
1055 1129 1228 1218 alumnus,
1328 1163 1363 1197 ιο

289 1241 325 1310 Si
340 1257 454 1328 vacat,
471 1257 506 1310 et
521 1241 643 1336 placidi
660 1242 826 1310 rationem
842 1238 1034 1326 admittitis,
1051 1239 1158 1308 edam.

337 1350 452 1439 Quum
469 1365 565 1419 tener
579 1374 719 1420 uxorem
735 1348 837 1418 ducat
852 1347 972 1443 spado‘3
991 1349 1116 1418 Maevia
1129 1350 1276 1418 Tuscum

289 1463 385 1558 Figat
401 1487 538 1557 aprum,
556 1477 590 1531 et
606 1462 696 1531 nuda
713 1476 825 1530 teneat
840 1459 1005 1529 venabula
1021 1485 1182 1549 mamma3

289 1575 451 1645 Patricios
467 1599 583 1644 omnes
598 1569 718 1669 opibus
734 1597 838 1666 quum
854 1587 1017 1666 provocet
1032 1595 1138 1659 unus,

289 1682 367 1771 Quo
384 1684 562 1770 tondente,
579 1685 689 1778 gravis
703 1684 820 1776 juveni
835 1683 919 1752 mihi
937 1683 1039 1751 barba
1055 1682 1211 1771 sonabat3
1328 1697 1360 1750 25

183 1847 189 1852 -
289 1792 404 1881 Quum
421 1820 497 1889 pars
513 1792 651 1864 Niliacae
667 1792 789 1888 plebis,
805 1817 910 1886 quum
926 1815 1031 1860 verna
1047 1793 1177 1886 Canopi

290 1904 481 1998 Crispinus,
497 1906 616 1998 Tyrias
632 1905 775 1972 humero
792 1914 972 1970 revocante
990 1900 1156 1987 lacernas,

290 2011 442 2082 Ventilet
458 2013 609 2083 aestivum
625 2012 737 2109 digitis
753 2011 947 2082 sudantibus
964 2035 1099 2097 aurum,

291 2125 366 2192 Nec
381 2121 522 2190 sufferre
538 2137 639 2218 queat
654 2121 791 2213 majoris
807 2120 958 2214 pondera
973 2144 1131 2214 gemmae3

290 2230 439 2300 Difficile
456 2245 505 2300 est
521 2232 653 2299 satiram
673 2254 743 2297 non
759 2229 906 2297 scribere
922 2255 929 2296 :
947 2253 1023 2298 nam
1040 2229 1114 2323 quis
1131 2227 1254 2321 iniquae
1323 2247 1358 2300 3ο

291 2343 373 2408 Tam
389 2341 520 2435 patiens
536 2338 644 2425 urbis,
661 2353 729 2408 tam
745 2335 891 2424 ferreus,
907 2353 946 2406 ut
962 2353 1074 2407 teneat
1090 2363 1142 2424 se,

291 2563 345 2621 ego
360 2544 445 2600 etiam
458 2546 568 2602 scholas
579 2543 708 2622 magistri
719 2543 862 2622 flagellum
878 2543 999 2602 sublime
1010 2543 1168 2602 minitantis
1176 2543 1358 2618 frequentavi

291 2637 376 2707 olim;
388 2647 417 2693 et
427 2636 520 2707 listas,
531 2638 742 2694 exercitationis
752 2641 857 2714 gratia,
869 2658 965 2696 causas
974 2639 1035 2716 egi,
1047 2655 1136 2714 quum
1146 2638 1253 2712 Syllam
1260 2639 1360 2694 horta-

292 2746 357 2798 rer,
369 2741 416 2800 ut,
427 2729 536 2786 omissis
546 2728 709 2804 reipublicae
720 2730 809 2800 mais,
821 2731 850 2786 in
863 2731 924 2786 otio
935 2729 1067 2804 privatus
1079 2730 1177 2804 sopori
1188 2732 1247 2786 alto
1258 2727 1358 2784 indul-

291 2832 381 2898 geret.
399 2821 509 2890 Quidni
520 2841 590 2898 ergo
600 2822 738 2893 scribam,
754 2835 802 2880 aut
813 2843 865 2880 cur
875 2824 961 2880 stulte
971 2824 1095 2879 clemens
1104 2841 1219 2897 parcam
1230 2839 1356 2898 papyro,

292 2933 377 2990 quam
389 2926 433 2970 tot
443 2913 573 2988 quotidie
583 2926 661 2972 vates
671 2916 812 2991 imperiti,
824 2929 853 2974 et
863 2917 966 2992 passim
977 2917 1073 2987 obvii,
1083 2918 1155 2973 male
1166 2917 1358 2973 consumunt?

332 3027 360 3082 9.
379 3007 467 3075 Quod
475 3007 500 3063 si
509 3007 573 3082 quis
581 3018 674 3064 tamen
683 3008 841 3084 rogaverit,
851 3009 967 3064 cnrhoc
976 3008 1091 3065 satirico
1101 3007 1245 3065 scribendi
1254 3025 1359 3084 genere

293 3100 431 3169 delecter,
445 3103 475 3156 in
486 3119 544 3174 quo
554 3100 679 3158 Lucilius
694 3103 834 3158 Aumnrae
847 3111 944 3168 natus,
959 3111 1094 3176 tanquam
1105 3101 1136 3158 in
1147 3109 1262 3175 patente
1272 3100 1358 3157 Circo

292 3192 463 3266 exspatiatus
472 3203 529 3260 est;
541 3192 633 3249 dicam
645 3211 724 3263 sane,
733 3192 757 3250 si
766 3191 849 3249 vobis
857 3192 958 3250 andus
965 3204 1061 3265 vacat,
1074 3204 1103 3250 et
1111 3193 1136 3249 si
1145 3193 1233 3268 aequis
1241 3191 1358 3250 auribus

292 3286 434 3344 dicentem
450 3285 585 3361 accipitis.

333 3397 380 3436 aa.
404 3379 532 3437 Omnino
543 3377 660 3435 difficile
672 3388 715 3435 est
728 3397 745 3434 a
757 3377 908 3435 scribenda
920 3379 1005 3434 satira
1016 3388 1191 3452 temperare,
1208 3394 1297 3450 quum
1312 3376 1360 3431 in-

293 3484 378 3528 tueor
392 3490 409 3526 a
421 3470 542 3526 molliet
554 3469 717 3526 effeminato
731 3471 862 3526 eunucho
876 3487 997 3525 uxorem
1014 3469 1095 3538 duci;
1107 3467 1282 3542 impudicam
1292 3487 1359 3523 mn-

292 3564 392 3620 lierem
406 3561 538 3618 Mariam
551 3561 642 3636 ligere
655 3580 740 3636 apros
755 3563 906 3630 Etruscos,
919 3571 948 3616 et
962 3560 1041 3616 nuda
1053 3577 1174 3616 mamma
1188 3569 1287 3615 tenere
1302 3561 1359 3615 tela

292 3654 455 3724 venatoria;
469 3673 559 3729 quum
569 3652 656 3709 video
667 3654 743 3709 hunc
754 3664 916 3723 tonsorem,
930 3652 981 3727 qui
989 3652 1059 3708 milri
1067 3650 1167 3726 juveni
1178 3649 1297 3706 barbam
1308 3669 1359 3707 so-

292 3757 408 3803 nantem
419 3745 550 3815 radebat,
559 3743 721 3819 pervenisse
727 3744 765 3801 ad
772 3764 816 3802 eas
824 3763 892 3820 opes
899 3786 906 3814 ‚
914 3754 1017 3802 utcum
1025 3741 1146 3819 patricio
1154 3742 1285 3818 quolibet
1292 3761 1360 3799 eon·

293 3839 406 3895 tendat:
415 3857 503 3914 quum
514 3837 662 3913 Crispinus
672 3856 707 3893 ex
715 3838 918 3914 AEgyptiorum
926 3835 1134 3911 mancipiorum
1142 3835 1209 3891 faece
1216 3853 1358 3906 emersus,

293 3941 322 3988 et
331 3931 450 4005 Canopo
459 3931 532 3985 urbe
541 3930 665 4004 elapsus,
674 3945 832 4003 purpureas
840 3928 965 3984 lacernas
974 3927 1101 3983 molliter
1109 3927 1140 3981 in
1148 3927 1300 3982 humerum
1310 3945 1359 3983 re-

290 4023 384 4098 jiciat,
394 4033 591 4096 exsertamqne
601 4021 776 4096 protendens
790 4037 919 4089 mantua,
932 4019 1021 4092 jactet
1030 4018 1135 4094 digitos
1145 4015 1258 4072 annulis
1268 4016 1360 4073 levio·

293 4113 374 4170 ribus
385 4133 418 4168 ex
430 4131 515 4181 auro,
529 4114 625 4186 quales
635 4122 728 4168 aestate
737 4121 828 4187 gestat
836 4151 844 4180 ,
852 4111 1000 4180 micantes,
1010 4128 1064 4167 nec
1073 4107 1176 4182 majori
1189 4118 1217 4164 et
1229 4107 1357 4184 graviori

293 4223 410 4282 gemmae
425 4203 549 4261 ferenda
570 4223 622 4278 par
641 4203 685 4259 sit.
705 4206 785 4280 Age,
802 4202 865 4278 quis
881 4213 937 4258 tam
953 4202 1093 4260 sceleratae
1108 4197 1215 4276 flagitia
1234 4197 1356 4254 civitatis
