3122 4986
489 433 682 499 sarias
704 431 910 500 ocrsvs.
1169 441 1232 527 ⁶37

163 547 308 642 Sipario,
322 546 506 618 clamosum
521 570 637 640 ageres
650 563 688 616 ut
701 549 845 619 Phasma
856 548 990 618 Catulli.

163 653 368 725 Laureolum
383 655 482 725 velox
496 656 596 724 etiam
609 657 696 726 bene
711 656 876 727 Lentulus
890 658 975 752 egit,

161 765 281 833 Judice
295 789 349 834 mc
365 765 488 859 dignus
500 787 581 834 vera
594 789 711 834 cruce:
729 790 794 835 nec
808 781 920 835 tamen
936 766 999 861 ipsi

124 900 130 909 ·
160 873 320 966 Ignoscas
336 874 479 970 populo;
495 873 613 969 populi
629 871 724 943 frons
740 873 857 944 durior
871 876 989 969 hujus,

159 983 229 1072 Qui
243 984 358 1071 sedet,
373 1000 408 1054 et
423 1001 554 1081 spectat
563 983 743 1055 triscurria
756 983 993 1079 patriciorum,
1183 1021 1232 1072 190

152 1093 360 1192 'Planipedes
377 1096 471 1164 aaudit
488 1095 625 1180 Fabios,
639 1093 751 1162 ridere
766 1108 879 1188 potest
892 1095 951 1190 qui
1073 1122 1076 1130 ’

159 1201 410 1271 Mamercorum
425 1202 547 1297 alapas.
558 1202 687 1290 Quanti
699 1225 759 1269 sua
773 1200 894 1271 funera
907 1201 1073 1290 vendant,
1097 1254 1098 1263 κ

157 1309 251 1398 Quid
266 1311 392 1381 referti
405 1312 559 1381 vendunt
574 1310 668 1381 nullo
685 1327 828 1405 cogente
843 1313 1002 1398 Nerone,

159 1423 176 1452 *
192 1424 266 1493 Nec
278 1423 435 1492 dubitant
448 1422 528 1492 celsi
542 1423 699 1517 praetoris
711 1420 860 1491 vendere
877 1420 975 1490 ludis.

151 1529 152 1536 '
207 1531 312 1625 Finge
324 1545 438 1602 tamen
450 1528 577 1625 gladios
592 1531 688 1618 inde,
704 1545 805 1625 atque
817 1530 898 1599 hinc
912 1529 1044 1625 pulpita
1056 1557 1164 1625 ponc:
1184 1551 1231 1617 195

154 1639 249 1729 Quid
264 1640 390 1710 satius?
404 1657 548 1710 mortem
564 1641 611 1709 sic
626 1629 802 1734 quisquam
820 1640 1010 1727 exhorruit,
1025 1655 1064 1708 ut
1077 1643 1122 1712 sit

157 1748 339 1856 Zelotypus
354 1748 548 1844 Thymeles,
564 1746 689 1843 stupidi
704 1745 833 1844 collega
847 1747 1026 1818 Corinthi?

157 1861 226 1928 Res
243 1860 334 1945 haud
350 1860 436 1929 mira
451 1875 584 1944 tamen,
600 1856 788 1927 citharoedo
803 1858 979 1952 principe,
995 1859 1117 1927 mimus

157 1966 308 2038 Nobilis:
322 1969 395 2039 haec
409 1970 514 2056 ultra,
528 1967 611 2062 quid
626 1966 691 2034 erit
708 1966 774 2034 nisi
791 1964 914 2045 ludus?
928 1980 963 2035 et
976 1964 1057 2036 illud

154 2199 257 2262 navat,
269 2201 347 2248 certa
355 2190 488 2248 mercede
496 2187 651 2246 constituta
660 2195 709 2258 ,ut
718 2186 749 2242 in
759 2186 865 2243 Catulli
874 2185 1027 2256 comoedia,
1038 2186 1086 2244 cui
1098 2187 1229 2245 Phasma

155 2300 265 2338 nomen
274 2293 325 2350 est,
337 2291 432 2356 partes
445 2291 519 2358 agat.
526 2278 621 2336 Video
636 2279 708 2355 quid
720 2278 809 2354 objici
822 2279 894 2335 mihi
904 2281 1009 2356 possit,
1017 2298 1123 2357 nempe
1135 2283 1229 2360 ipsum

155 2375 312 2430 Lentulum
322 2375 413 2450 egisse
424 2391 542 2450 quoque
550 2391 704 2447 personam
712 2373 849 2429 Laureoli
856 2391 922 2430 cum
931 2372 1088 2450 dignitate:
1100 2374 1150 2432 ille
1158 2393 1229 2432 vero

154 2483 221 2520 mea
229 2464 369 2522 sententia
375 2464 482 2540 dignus
492 2461 867 2538 fuitquiveramincrucem
876 2475 1018 2539 ageretur.
1026 2465 1127 2539 Neque
1133 2475 1230 2522 tamen

154 2556 218 2631 ipse
230 2575 347 2633 quoquc
356 2558 482 2633 populus
491 2554 665 2618 accusandus
672 2573 735 2611 non
745 2566 802 2626 est,
812 2554 865 2630 qui
874 2555 947 2612 adeo
959 2554 1103 2630 pudorem
1113 2574 1226 2614 omnem

154 2648 251 2719 exuit,
267 2658 301 2704 ut
314 2648 456 2722 ejusmodi
466 2645 633 2724 spectaculis
644 2647 756 2718 adesse,
774 2667 806 2704 ac
819 2647 899 2705 viros
909 2649 1104 2706 nobilissimos
1115 2665 1230 2708 scurra-

154 2738 435 2798 rnmvilissimorum
444 2741 541 2815 inepta
548 2737 983 2815 dictafactaqueimitantesnon
991 2740 1230 2812 dubitetintueri;

154 2830 262 2889 Fabios
275 2830 393 2890 indutos
403 2852 503 2903 socco,
514 2842 544 2890 et
554 2830 585 2888 in
595 2832 708 2888 theatro
718 2831 871 2890 recitantes
880 2834 993 2904 audire,
1006 2837 1168 2892 Mamercos
1177 2855 1230 2892 co-

153 2923 248 2997 laphis
258 2923 411 2982 mulctatos
419 2942 485 2980 cum
495 2924 554 2980 risu
564 2935 593 2979 et
603 2924 704 2999 plausu
713 2943 831 2982 cernam
839 2925 990 2982 sustineat:
1000 2913 1057 2982 buc
1066 2926 1141 2983 adde
1147 2927 1229 3002 quod

153 3015 268 3072 nobiles
286 3015 376 3073 iidem
390 3016 570 3074 descendunt
585 3015 617 3071 in
632 3033 764 3087 arenam,
782 3028 812 3073 et
825 3017 915 3074 vitam
934 3036 1014 3073 suam
1029 3017 1125 3091 pretio
1144 3019 1229 3076 addi-

154 3118 227 3164 cunt
235 3129 244 3178 ;
258 3125 378 3184 magno,
392 3107 499 3180 fateor3
513 3119 542 3164 at
554 3119 818 3183 quantumcumque
832 3107 906 3165 illud
916 3107 1042 3184 pretimn
1053 3109 1103 3178 sit,
1116 3108 1228 3166 nihilo·

154 3200 299 3258 minusad
310 3201 502 3258 excusandum
517 3200 641 3258 dedecus
652 3217 755 3273 parum
769 3199 871 3270 refert,
890 3200 1033 3275 siquidem
1047 3211 1150 3274 sponte
1162 3198 1235 3270 sna‚'

44 3308 50 3382 γ’
153 3312 225 3363 non,
235 3303 268 3351 ut
276 3291 357 3362 olim,
365 3291 782 3376 coactiaNeronegladiatoria
792 3292 844 3350 ista
853 3293 1009 3349 certamina
1018 3295 1131 3350 venales
1139 3293 1228 3350 susci·

153 3385 255 3461 piunt,
266 3387 355 3463 idque
362 3387 472 3461 palam,
483 3386 552 3444 etin
560 3387 595 3442 iis
602 3383 677 3444 ludis
687 3403 760 3460 quos
768 3386 785 3442 J
787 3385 921 3441 abentius
932 3385 1030 3442 Celsus
1038 3393 1147 3461 prator
1156 3384 1225 3441 edit.

199 3478 264 3554 195.
277 3480 333 3536 Fac
346 3489 443 3534 tamen
456 3496 490 3534 ex
507 3497 564 3534 una
578 3489 659 3552 parte
673 3477 801 3553 proponi
812 3477 866 3532 tibi
877 3477 1069 3553 gladiatorum
1083 3496 1178 3548 enses,
1190 3495 1225 3534 ex

154 3569 438 3626 alterabistrionum
457 3569 567 3626 theatra
588 3590 594 3624 :
616 3579 712 3627 utram
732 3581 824 3626 artem
844 3569 1007 3646 potiorem,
1026 3581 1121 3626 utram
1143 3568 1226 3624 alteri

155 3659 362 3735 preferendam
374 3661 480 3736 putas?
498 3660 570 3730 Quis
584 3670 665 3718 tanto
677 3660 780 3718 mortis
794 3671 824 3718 et
836 3680 929 3718 arenae
943 3673 1024 3719 metu
1034 3659 1176 3731 afficitur,
1193 3672 1226 3717 ut

155 3750 194 3807 nd
213 3769 276 3806 earn
292 3750 455 3808 evitandam
473 3769 558 3828 agere
578 3751 660 3807 malit
674 3751 707 3807 in
722 3751 863 3809 comoedia
877 3739 1030 3828 personam
1051 3751 1156 3808 actoris
1173 3751 1225 3826 qui

155 3840 278 3896 ridicula
288 3840 428 3916 zelotypia
440 3842 591 3917 Thymeles
602 3842 734 3901 laborare
745 3863 775 3900 se
786 3831 891 3920 lingat,
905 3855 933 3902 et
942 3844 1053 3901 socium
1061 3831 1094 3901 ac
1107 3843 1225 3900 rivalem

154 3935 262 3992 trabere
279 3936 434 3992 vecordem
449 3935 532 3992 illurn
548 3937 752 4013 Corynthum?
768 3938 941 4012 Quanquam
960 3936 1032 4012 quid
1045 3936 1152 3992 mirum
1169 3954 1226 3992 no-

155 4027 227 4084 biles
236 4026 416 4090 histrioniam
426 4027 600 4100 exertuisse,
611 4048 701 4103 quum
711 4030 772 4104 ipse
782 4029 939 4105 imperator
948 4029 1119 4086 citharmdus
1128 4028 1224 4084 foret?

156 4121 293 4188 Quanam
310 4119 444 4195 deinceps
454 4121 558 4178 *Romae
576 4118 722 4179 florebunt
735 4134 825 4193 artes,
841 4122 897 4178 nisi
910 4121 1028 4180 ludicra
1043 4133 1071 4177 et
1086 4117 1224 4178 infames?
