3130 4986
166 485 1222 516 mmm-mmmmmmmss·

351 686 668 804 SATIRA
706 685 1043 800 TERTIA.

622 949 776 962 anan—-

162 1115 340 1250 Quantum
357 1142 512 1238 digressu
527 1143 653 1212 veteris
670 1141 829 1213 confusus
846 1141 963 1228 amici,

161 1249 275 1320 Laudo
292 1266 430 1338 tamen,
446 1251 561 1321 vacuis
578 1251 671 1346 quod
687 1251 801 1320 sedem
817 1249 922 1346 figere
938 1250 1053 1320 Cumis

162 1363 336 1448 Destinet,
353 1377 456 1456 atque
472 1387 582 1430 unum
600 1365 709 1432 civem
726 1361 852 1430 donare
868 1359 1023 1454 Sibyllae:

162 1476 267 1540 lanua
282 1473 446 1540 Baiarum
464 1487 532 1560 est,
549 1487 583 1542 et
600 1487 732 1569 gratum
749 1471 829 1540 litus
844 1469 966 1538 amoeni

162 1585 327 1652 Secessus.
344 1585 421 1678 Ego
438 1583 490 1652 vel
507 1583 712 1678 Prochytam
729 1604 891 1678 praepono
907 1579 1084 1664 Suburrae3
1219 1591 1234 1644 s

164 1694 249 1764 Num
266 1690 354 1786 quid
371 1708 439 1761 tum
457 1694 635 1780 miserum,
652 1705 720 1762 tam
737 1691 845 1774 solum
861 1689 1025 1776 vidimus,
1040 1703 1080 1756 ut
1096 1712 1164 1755 non

165 1803 323 1871 Deterins
340 1801 458 1871 credas
474 1789 616 1872 horrere
633 1798 811 1886 incendia,
829 1799 940 1894 lapsus

166 1913 347 1980 Toetorum
365 1913 534 1999 assiduos,
552 1939 590 1982 ae
607 1912 700 1982 mille
718 1910 866 2008 pericula
882 1935 975 1978 saevae

169 2022 289 2106 Urbis,
306 2038 343 2090 et
358 2025 513 2117 Augusto
532 2025 712 2092 recitantes
728 2042 843 2090 mense
861 2018 998 2116 poetas?

213 2131 281 2200 Sed
298 2131 381 2202 dum
398 2147 470 2200 tota
486 2131 607 2201 domus
624 2131 730 2201 rheda
747 2130 965 2224 componitur
979 2151 1067 2213 una,
1209 2158 1240 2192 ιο

169 2240 328 2308 Substitit
343 2239 385 2308 ad
402 2256 534 2310 veteres
550 2265 648 2310 arcus
664 2239 901 2332 madidamque
917 2241 1105 2331 Capenam3

447 2439 558 2478 Sb'fflss
575 2438 693 2478 mm
710 2437 964 2478 ΙΠΕΙΠΕΤΛἮΟ.

211 2559 235 2594 ι.
255 2541 354 2594 chnr
367 2557 427 2594 non
439 2539 545 2612 possim
556 2539 662 2595 veteris
676 2539 759 2596 amici
776 2539 929 2597 discessum
944 2539 1020 2596 ferre
1034 2557 1094 2594 non
1105 2540 1241 2609 moleste,

170 2631 357 2686 nibilominus
370 2630 499 2704 ejusdem
519 2631 669 2688 consilium
688 2631 874 2687 vehementer
888 2631 1004 2704 probo,
1021 2629 1101 2704 quod
1114 2630 1244 2687 babitare

172 2722 286 2792 Cumis,
301 2720 332 2776 in
347 2721 422 2777 urbe
438 2721 591 2797 tranquilla
602 2765 611 2793 ,
624 2741 678 2781 nee
689 2724 846 2780 admodum
860 2724 1000 2798 populosa
1010 2721 1132 2797 cogitet,
1145 2722 1244 2798 ibique

171 2811 349 2868 domicilium
367 2813 422 2869 sibi
436 2813 558 2888 eligere,
573 2834 606 2872 ac
621 2817 720 2872 saltem
735 2834 794 2871 uno
809 2814 900 2889 capite
915 2831 1068 2870 numerum
1082 2831 1186 2888 augere
1204 2815 1245 2869 ei-

172 2903 251 2960 vium
267 2905 411 2960 Cumaeam
427 2904 567 2981 Sibyllam
581 2905 747 2962 colentium.
762 2905 813 2961 Est
829 2905 888 2961 haee
907 2904 1007 2961 civitas
1019 2903 1098 2978 qnasi
1117 2905 1246 2961 vestibu-

172 2996 230 3050 lum
242 2997 375 3052 Baisrum
387 3039 396 3066 ,
410 3005 549 3052 aetolum
563 2997 644 3054 istud
656 2997 817 3073 Campaniae
833 2997 913 3054 littus
929 2995 1121 3073 gratissimum
1137 2989 1246 3054 adeun-

172 3087 264 3157 tibus,
278 3099 307 3144 et
323 3088 543 3145 amenissimum
557 3109 697 3147 secessum
713 3092 829 3166 praebet.
850 3093 952 3164 Neque
967 3107 1039 3145 vero
1057 3109 1104 3147 me
1119 3091 1246 3146 solitudo

173 3181 245 3252 loci,
259 3193 288 3237 et
301 3181 462 3238 incolarum
481 3181 675 3257 infrequentia
691 3193 789 3240 moret
805 3205 812 3239 :
829 3183 868 3239 sic
887 3182 963 3238 enim
981 3201 1064 3252 sum,
1080 3195 1113 3238 ut
1126 3182 1247 3239 insulam

174 3276 218 3330 vel
235 3275 361 3331 maxime
381 3275 541 3346 desertam,
563 3276 654 3350 qualis
674 3287 717 3332 est
740 3275 905 3352 Prochyta,
927 3275 1076 3348 praeferam
1096 3277 1247 3344 Suburrae,

175 3368 237 3424 rico
257 3367 339 3424 urbis
361 3367 602 3441 frequentissimo.
618 3369 724 3444 Ecquis
740 3368 816 3425 enim
835 3371 915 3425 locus
935 3375 991 3424 tarn
1007 3367 1168 3438 solitarius,
1191 3380 1249 3424 tam

175 3459 321 3527 desertus,
341 3471 400 3516 tarn
415 3461 574 3518 commodis
587 3462 722 3517 omnibus
737 3460 890 3517 destitutus
910 3479 970 3518 esse
986 3471 1098 3536 potest,
1119 3473 1152 3517 ut
1168 3462 1248 3518 ineo

176 3573 233 3610 non
252 3565 371 3628 prastet
388 3553 534 3625 babitare,
555 3573 640 3629 qnam
652 3557 752 3611 Romae
765 3553 890 3622 versari,
904 3539 1094 3646 perpetuom
1111 3565 1190 3610 metu
1203 3554 1249 3609 in-

178 3647 362 3718 cendiorum,
377 3647 481 3704 sedium
492 3649 708 3716 corruentium,
725 3658 755 3703 et
770 3657 971 3704 sexcentorum
982 3690 990 3718 ,
1003 3655 1066 3724 quae
1078 3647 1152 3704 cives
1164 3646 1249 3704 mise·

177 3759 224 3796 ros
245 3741 413 3796 excruciant
429 3740 576 3814 qnotidie,
598 3741 813 3816 periculorum,
833 3750 860 3796 et
876 3739 1072 3811 miseriarum,
1092 3739 1123 3796 in
1146 3740 1250 3814 quibus

175 3832 238 3906 jure
251 3851 387 3889 numeres
401 3833 538 3889 molestos
555 3837 667 3908 poe'tas,
688 3831 790 3888 Sextili
811 3851 906 3888 mense
929 3853 979 3889 sua
997 3833 1121 3893 carmina
1143 3852 1249 3890 convo-

179 3921 243 3976 cetis
253 3921 354 3978 amicis
367 3921 468 3979 odiose
483 3921 642 3979 recitantes

219 4032 262 4069 ro
284 4011 408 4070 Interim
422 4023 517 4071 autem
532 4013 601 4070 dum
618 4015 760 4071 Umbrieii
778 4015 882 4072 Cumas
901 4015 1087 4091 demigrantis
1101 4018 1251 4093 componi-

178 4115 223 4160 tur
239 4105 349 4161 lamilia
370 4117 399 4162 et
420 4105 576 4162 domestica
595 4125 658 4177 res,
681 4117 739 4163 tam
760 4106 854 4174 tenuis
873 4107 1005 4181 quidem,
1024 4119 1057 4164 ut
1079 4110 1172 4164 omnis
1191 4130 1251 4165 uno

177 4217 263 4256 curru
284 4199 380 4276 possit
401 4198 561 4270 contineri,
581 4201 724 4276 paulisper
743 4200 804 4276 ipse
825 4199 928 4256 restitit
945 4220 1037 4277 prope
1054 4219 1135 4258 arcus
1152 4202 1251 4258 trium·
