3056 4984
492 409 681 474 sartan
709 402 885 473 SEXTA.
1161 409 1222 478 355

158 526 247 596 Pone
264 545 401 594 crucem
416 547 524 592 servo.
543 517 672 592 Meruit
686 547 754 617 quo
770 523 910 592 crimine
927 547 1043 596 servus

154 631 384 730 Supplicium?
399 633 473 728 quis
489 634 583 702 testis
597 633 712 702 adest?
726 635 801 728 quis
817 633 957 704 detulit?
972 636 1076 724 Audi,
1176 671 1227 706 no

155 741 256 819 Nulla
268 770 419 842 unquam
436 745 479 816 de
494 760 604 815 morte
619 745 766 814 hominis
783 747 953 814 cunctatio
967 747 1067 842 longa
1081 763 1142 819 est.

155 859 185 926 0
198 857 354 944 demens,
371 857 417 926 ita
430 857 666 926 servusbomo
681 853 753 924 est?
765 855 814 924 nil
828 854 963 942 fecerit,
977 873 1049 927 esto
1066 884 1075 928 ε

155 971 228 1035 Hoc
242 965 335 1053 volo,
350 967 396 1036 sic
410 965 531 1059 jubeo,
548 966 591 1034 sit
603 991 666 1062 pro
682 967 813 1036 ratione
827 967 993 1037 voluntas.

202 1079 353 1171 Imperat
369 1100 450 1170 ergo
466 1075 558 1162 viro;
577 1065 637 1142 sed
652 1098 730 1142 mox
744 1074 816 1144 haec
828 1100 934 1170 regna
949 1075 1134 1172 relinquit,

156 1189 396 1280 Pennutatque
411 1185 550 1270 domos,
566 1199 603 1254 et
618 1183 739 1252 flamea
754 1186 901 1254 conterit
917 1211 924 1254 :
941 1185 1019 1254 inde
1177 1201 1226 1254 nt

156 1291 316 1376 Advolat,
332 1310 366 1364 et
379 1292 485 1388 spreti
501 1294 624 1387 repetit
637 1294 776 1388 vestigia
792 1292 881 1364 iacti.
1194 1309 1197 1314 '

157 1407 299 1473 Ornatas
313 1403 426 1498 paullo
439 1417 519 1472 ante
533 1397 641 1486 iores,
656 1403 839 1497 pendentia
852 1399 977 1499 linquit

156 1515 241 1584 Vela
255 1516 394 1600 domus,
409 1531 444 1584 et
457 1514 566 1585 adhuc
582 1513 707 1582 virides
719 1513 756 1581 in
774 1510 888 1582 limine
907 1539 1027 1585 ramosa

157 1627 213 1696 Sic
226 1626 347 1695 crescit
362 1649 541 1710 numerus;
558 1624 605 1694 sic
621 1623 709 1695 fiunt
724 1638 802 1692 octo
817 1624 929 1692 mariti

157 1737 316 1831 Quinque
334 1760 396 1831 per
408 1750 609 1804 auctumnos
626 1761 633 1802 :
652 1733 753 1802 titulo
767 1752 821 1802 rea
836 1732 938 1828 digna
952 1732 1123 1829 sepulcri·
1144 1778 1146 1783 -
1181 1745 1231 1802 230

204 1844 424 1941 Desperanda
441 1846 502 1915 tibi
518 1842 609 1914 salva
620 1842 802 1914 concordia
815 1865 924 1912 socru.
1039 1857 1040 1860 ’

150 1953 218 2026 ma
233 1957 334 2026 docet
348 1955 461 2052 spoliis
476 1951 558 2026 nudi
572 1955 719 2050 gaudere
734 1955 861 2040 mariti3

157 2064 218 2136 Illa
236 2066 354 2152 docet,
368 2060 475 2136 missis
489 2089 509 2133 a
525 2081 725 2160 corruptore
742 2063 888 2150 tabellis,

157 2302 260 2361 rivales
276 2313 340 2359 tuos
349 2301 422 2359 Mne
430 2303 538 2384 multos
547 2319 609 2358 non
617 2301 741 2358 omittet.
754 2298 878 2379 Suffige,
892 2297 1020 2375 inquiet,
1031 2317 1147 2358 servum
1155 2301 1234 2360 hunc

156 2394 244 2452 cruci.
259 2425 301 2440 -·
317 2397 356 2450 At
368 2393 440 2468 quid
450 2392 566 2449 sceleris
577 2392 707 2460 admisit,
722 2402 755 2448 ut
768 2393 824 2448 boc
838 2391 980 2467 supplicio
993 2392 1154 2450 mactetur?
1168 2393 1233 2468 quis

156 2503 223 2543 eum
233 2485 369 2542 accinat?
383 2484 448 2560 quis
460 2484 609 2541 hominem
624 2481 789 2542 testim0nio
803 2503 856 2542 suo
872 2484 1064 2542 condemnat?
1081 2487 1233 2557 Ausculta,

157 2597 269 2654 queso,
283 2587 317 2634 et.
323 2595 387 2634 rem
397 2577 560 2652 perpende,
572 2576 694 2650 conjux:
711 2577 857 2634 neminem
870 2579 1010 2653 poenitere
1026 2577 1113 2635 debet
1128 2596 1234 2648 morae,

157 2689 247 2745 quum
259 2668 357 2746 agitur
368 2668 404 2725 de
416 2667 534 2726 homine
545 2666 757 2728 interficiendo.
768 2670 1137 2746 Attu,reponeti11a,nou
1145 2672 1235 2747 sapis,

157 2763 209 2838 qni
225 2781 346 2820 servum
366 2761 444 2819 inter
464 2758 596 2826 homiues
618 2781 730 2820 cenaeus
747 2763 979 2820 numerandum:
999 2761 1073 2818 nihil
1093 2781 1165 2821 vero
1187 2765 1241 2822 ille

119 2865 123 2872 '
159 2853 612 2930 peccaverit,ageturiuerucem
622 2854 956 2930 nihilomiuus,qu1'a-aic
964 2858 1046 2927 volo,
1056 2857 1098 2912 sic
1106 2857 1237 2932 impeto,-

159 2949 229 3023 Iegis
242 2960 274 3004 et
288 2946 413 3004 ran'om's
427 2948 521 3002 locum
536 2949 666 3004 obtinere
679 2950 818 3004 voluntas
833 2965 900 3003 mea
914 2949 1007 3004 debet.

198 3049 268 3109 aad.
290 3040 339 3098 sic
354 3039 419 3096 viro
434 3037 542 3113 conjux
557 3042 633 3116 leges
648 3039 790 3115 imponit,
809 3039 849 3096 sia
863 3037 946 3112 domi
960 3055 1017 3096 una
1035 3051 1159 3116 regnat:
1181 3059 1236 3100 nec

159 3136 210 3194 diu
223 3145 322 3190 ramea
335 3129 414 3188 idem
429 3148 552 3208 regnum
566 3143 679 3200 servat3
693 3132 794 3202 aliam,
807 3131 859 3188 ubi
873 3131 1013 3206 imperet,
1028 3132 1147 3190 domum
1159 3151 1235 3208 qna-

158 3229 211 3300 rit,
226 3247 261 3284 ac
271 3227 369 3283 velum
386 3225 515 3299 nuptiale
529 3224 666 3280 rescindit
677 3221 830 3298 objicitque
844 3245 850 3280 :
868 3240 937 3279 mox
948 3223 986 3280 ab
996 3225 1049 3281 bac
1063 3225 1171 3300 domo,
1188 3245 1237 3283 ea-

158 3322 225 3380 detu
239 3319 358 3376 levitate
369 3316 533 3386 diacetleru,
546 3315 585 3371 ad
601 3327 715 3384 torum,
733 3333 820 3389 quem
834 3327 1000 3390 spreverat,
1017 3318 1187 3388 revertitur,
1203 3338 1238 3376 ao

157 3415 273 3490 janum
281 3409 431 3468 novissimi
439 3409 535 3464 mariti
544 3408 615 3465 velis
625 3407 832 3483 pendentibus,
842 3405 1006 3482 florumque
1017 3409 1100 3466 sertis
1108 3421 1137 3466 et
1149 3412 1236 3469 ramis

159 3504 354 3564 viridantibus
365 3521 421 3578 pro
431 3519 513 3558 more
525 3511 655 3556 ornatam
668 3499 766 3556 subito
779 3501 894 3560 deserin
914 3503 956 3558 tt·
968 3501 1098 3558 viromm
1114 3513 1237 3578 augetur

160 3615 318 3664 numerus,
342 3603 371 3652 at
392 3591 469 3651 intra
493 3611 584 3648 annos
600 3592 744 3668 φύηφιο,
763 3591 874 3648 maritis
891 3601 958 3648 octo
976 3592 1080 3662 nubit,
1100 3596 1235 3668 exemplo

161 3687 359 3758 memorabili,
376 3699 406 3745 et
421 3686 511 3761 digno
523 3685 605 3760 quod
616 3686 647 3742 in
661 3683 750 3760 ipaiua
762 3683 917 3759 aliquando
929 3685 1034 3742 tumuli
1047 3684 1237 3760 inscriptione

161 3797 191 3844 et
203 3783 301 3860 elogio
314 3779 520 3856 perscribatura

201 3876 269 3934 231.
291 3872 381 3948 Quod
394 3871 419 3929 si
439 3881 561 3928 matrem
581 3869 682 3929 uxoris
695 3881 751 3927 tue
766 3869 870 3934 babeas
884 3867 983 3938 doni,
998 3868 1111 3924 ‹fnurra
1133 3889 1234 3945 pacem

162 3963 581 4040 coneordiamqueaperaveria.
592 3965 644 4018 illa
653 3961 740 4020 filiam
750 3961 847 4021 erudit
854 4001 862 4031 ,
870 3979 929 4035 quo
938 3971 1023 4036 pacto
1031 3960 1126 4018 virum
1134 3977 1235 4022 emun-

162 4080 230 4138 gere
251 4070 375 4138 argento
393 4077 431 4116 ae
444 4056 568 4132 spoliare
588 4057 686 4130 possit.
710 4058 762 4112 ltn
779 4056 864 4112 docet
882 4073 946 4129 qnae
964 4054 1083 4126 blanda,
1105 4058 1235 4128 erudita,

163 4165 242 4214 muta
249 4194 259 4229 ,
276 4151 381 4210 callida
393 4144 551 4208 rescribere
564 4150 655 4226 possit
669 4149 846 4208 amatoribus
859 4148 912 4224 qui
925 4147 1022 4206 dulces
1041 4149 1159 4209 tabellas
1175 4151 1239 4209 nri--

1037 4238 1089 4305 23.
