3058 4988
410 447 959 514 1usrr1ua1usuxrr1u.
1152 452 1214 528 421

145 571 209 619 tuo,
229 556 327 612 deinde
340 558 492 623 Polemoni,
509 559 564 630 regi
576 559 703 626 Pontico,
722 559 857 630 nupsisse,
870 559 964 632 bisque
977 561 1057 614 luisse
1067 561 1172 629 Rome,
1187 575 1219 615 ut

146 638 236 690 Titum
248 641 377 694 cesarem
388 659 478 696 amore
490 640 661 694 inflammaret
673 663 680 708 ;
696 640 796 713 dequo
807 641 862 694 vid.
877 642 1004 696 Dodwell.
1012 644 1105 696 Annal.
1122 644 1215 708 Quint.

145 723 160 790 s
173 722 204 774 18
214 731 232 774 ¹.
246 723 326 776 Poeta
335 737 422 778 autem
433 766 441 792 ,
452 725 504 779 boc
516 726 592 791 loco,
603 726 681 778 verba
691 728 755 776 iane
766 729 833 778 dedit
842 726 869 778 in
878 727 977 779 aflectu
990 727 1110 799 repetiit,
1122 741 1147 780 et
1154 731 1217 800 jun·

144 803 228 876 genda
245 820 307 859 sunt
319 812 436 861 barbarus
450 812 563 878 Agrippa
576 821 602 862 et
616 812 713 861 incesta
724 812 810 862 samri.
831 809 954 881 Plerique
975 809 1059 881 intpp.
1080 829 1217 882 perperam

144 887 195 940 boc
205 889 264 944 loco
273 892 316 944 vel
326 892 404 945 aliam
413 893 488 945 innui
497 905 591 964 putent
599 892 742 946 Berenicen
751 892 884 963 aliumque
894 892 1037 964 Agrippam
1049 894 1121 960 (uam
1130 893 1218 964 plures

144 971 281 1044 utriusque
297 975 523 1046 nominisluere),
539 975 582 1028 uel
595 975 721 1027 annulum
736 971 870 1044 duplicem
882 972 1014 1026 Berenice
1027 991 1042 1024 a
1053 972 1157 1025 duobus
1170 973 1217 1026 da·

143 1063 218 1122 tum,
236 1056 376 1110 alterumn
391 1061 511 1124 barbaro,
529 1057 650 1124 Herode,
671 1060 726 1129 ejus
735 1068 829 1128 patruo
842 1068 868 1108 et
881 1056 990 1119 marito,
1004 1056 1046 1109 vel
1058 1056 1216 1122 Ptolemaeo,

142 1137 311 1214 Philadelphi
323 1143 389 1209 filio,
403 1146 512 1216 ejusque
524 1144 660 1196 meritone
677 1143 774 1208 fratre,
786 1143 896 1195 alterum
907 1143 941 1194 ab
949 1144 1078 1211 Agrippa,
1092 1143 1172 1196 isatre
1183 1143 1218 1195 il·

142 1220 202 1277 lius.
213 1223 323 1278 Barbari
334 1225 434 1280 Graecis
443 1226 601 1280 dicebantur
611 1226 757 1300 peregrini,
768 1226 814 1298 qui
826 1225 899 1280 baud
909 1225 1012 1293 Greci,
1026 1227 1159 1294 Romania,
1170 1227 1218 1299 qui

142 1321 190 1360 nec
201 1307 392 1369 Romani,‘uec
403 1309 489 1362 Graeci
503 1322 587 1364 erant.
599 1341 636 1352 -
644 1315 762 1373 Incesta,
775 1308 830 1362 vid.
844 1307 878 1361 ad
891 1309 942 1375 IV,
953 1325 979 1377 9.

177 1452 245 1499 Van.
267 1455 325 1518 159.
341 1455 448 1503 Sabbata
461 1455 497 1503 sic
509 1453 573 1503 dicta
586 1454 618 1502 ab
631 1454 701 1524 bobr.
713 1463 781 1513 mm
793 1451 884 1520 qssievit
899 1452 930 1501 ab
946 1451 1030 1517 opere,
1046 1455 1114 1503 nnde
1131 1472 1216 1522 propr.

143 1530 217 1579 scrib.
229 1531 353 1582 sabbatha
366 1545 391 1582 et
404 1521 529 1585 ω’ΐῖιθι
542 1549 588 1598 pro
602 1534 667 1598 vulg.
678 1522 811 1582 l‘e'ssssara.

175 1623 246 1678 Nor.
270 1625 327 1694 159.
343 1630 403 1690 Ubi,
429 1627 480 1682 boc
489 1639 542 1691 est,
557 1626 585 1679 in
599 1626 708 1691 Judtea,
723 1627 770 1679 nbi
786 1627 838 1699 ipsi
849 1647 919 1696 reges
932 1648 1010 1689 mero,
1022 1647 1091 1701 puro
1101 1648 1132 1682 ac
1143 1627 1216 1682 nudo

142 1707 216 1776 (quse
232 1719 320 1761 tamen
334 1710 406 1763 vocis
419 1709 574 1782 significatio
590 1710 706 1763 insolens
721 1711 789 1778 est),
802 1715 869 1778 peda
882 1715 984 1762 sabbata
999 1714 1215 1780 obcenantsasta,

141 1789 205 1844 leste
219 1805 315 1864 agunt,
328 1813 375 1848 seu
388 1794 528 1848 celebrant.
542 1793 610 1846 Nam
621 1793 768 1865 Iosephus,
780 1795 846 1849 llell.
860 1794 922 1856 tud,
934 1796 979 1859 11,
994 1799 1037 1861 ¹5,
1049 1809 1075 1850 et
1088 1797 1216 1870 Hegesip·

139 1893 205 1948 pus,
218 1877 284 1930 Bell.
300 1878 362 1932 Iud.
375 1879 420 1932 lib.
435 1879 480 1942 Π,
492 1877 614 1943 tradunt,
626 1877 770 1930 Berenicen
782 1879 915 1951 reginam,
929 1879 1052 1952 Agrippas
1060 1881 1130 1952 regis
1140 1899 1216 1934 soro·

140 1975 213 2017 rem.
226 1972 257 2012 ut
265 1963 322 2014 Deo
333 1973 392 2014 vota
402 1963 514 2014 solveret
522 1979 572 2034 pre
582 1961 681 2026 salute,
693 1961 903 2034 Hierosolymam
915 1962 1029 2027 venisse,
1041 1981 1071 2015 ac
1080 1981 1130 2034 pro
1142 1981 1217 2016 more

140 2041 234 2097 hostiis
250 2045 327 2098 caesis
338 2045 492 2117 capillisque
505 2042 781 2115 derasis-nudipedem
797 2056 853 2096 tum
868 2063 941 2098 sacra
958 2045 1066 2110 iecisse,
1082 2057 1139 2097 tum
1155 2057 1216 2099 ante

141 2127 258 2180 uibunal
268 2129 354 2195 Festi,
364 2128 483 2201 presidis
493 2128 593 2200 Syriae,
605 2127 688 2180 atroci
698 2127 770 2180 crede
781 2127 808 2179 in
819 2127 928 2182 Iudaeos
937 2129 1084 2194 sevientis,
1097 2129 1215 2197 stetisse,

140 2221 170 2262 ut
190 2229 241 2282 pm
256 2210 298 2265 bis
318 2212 488 2284 supplicaret.
512 2211 551 2264 Eo
565 2211 708 2282 respexisse
720 2209 826 2264 videtur
838 2225 914 2284 poeta
924 2213 975 2266 boc
989 2213 1048 2266 loco
1056 2252 1064 2278 ,
1073 2213 1119 2265 ubi
1130 2214 1215 2266 chiter

140 2288 248 2342 Iudaeos
258 2291 377 2364 ritusque
387 2308 479 2344 eorum
491 2289 569 2343 ridet.
580 2279 763 2349 'Asuadlsst'as
771 2325 779 2354 ,
788 2290 830 2343 vel
839 2289 1009 2362 nudipedalia
1020 2289 1048 2343 in
1059 2291 1139 2344 sacris
1150 2303 1215 2347 sntt.

140 2373 302 2444 populorum
314 2374 396 2442 (conl.
407 2392 446 2429 vs.
457 2373 518 2438 525,
532 2384 558 2424 et
566 2371 676 2426 Casaub.
685 2372 720 2425 ad
729 2373 837 2426 Sueton.
849 2375 915 2446 Aug.
931 2377 1003 2441 roo),
1012 2375 1082 2446 inpr.
1092 2374 1215 2427 liehano-

140 2472 200 2507 rum
210 2496 219 2520 ,
231 2456 259 2507 in
271 2457 346 2528 gravi
359 2457 432 2512 luctu
441 2497 449 2522 ,
458 2457 501 2510 vel
512 2455 584 2510 sutis
593 2455 717 2528 jejuniis,
729 2469 755 2509 et
765 2475 849 2528 quum
861 2469 921 2511 vota
934 2457 1108 2522 solverentur,
1121 2453 1214 2512 usitata

140 2539 240 2606 luisse,
254 2540 301 2594 sed
313 2541 329 2592 J
331 2542 467 2593 uvenalem
480 2539 645 2612 ignoratione
658 2539 831 2592 Iudaicorum
844 2540 943 2594 rituum
956 2557 1014 2594 eam
1030 2539 1058 2592 in
1072 2558 1166 2610 genere
1178 2539 1214 2593 ad

139 2626 245 2674 sabbam
255 2623 391 2690 retulisse,
407 2623 449 2676 sel
461 2623 511 2676 bac
523 2641 588 2676 voce
599 2622 757 2692 significasse
766 2621 881 2693 jejunia,
897 2622 1003 2693 copiose
1014 2633 1040 2674 et
1050 2620 1154 2674 erudite
1163 2621 1212 2675 do·

140 2706 196 2758 cuit
206 2705 350 2778 spanhem.
360 2706 394 2759 ad
405 2707 507 2759 Gallim.
521 2705 619 2776 llymn.
632 2704 660 2755 in
670 2703 730 2757 Cer.
743 2723 782 2757 vs.
796 2704 853 2757 125.
862 2705 940 2758 cont.
953 2705 1020 2758 inira
1029 2704 1063 2757 ad
1074 2705 1152 2769 XIV,
1161 2710 1213 2773 963
1245 2701 1247 2708 ’

141 2786 260 2841 Periwn
271 2788 306 2843 ad
316 2789 413 2842 AEliau.
426 2789 461 2839 V.
473 2789 507 2841 H.
521 2787 594 2849 ΧΠ,
606 2786 657 2852 35,
670 2797 696 2837 et
707 2785 803 2856 lloenig
814 2785 848 2838 nd
860 2786 931 2840 Pers.
944 2787 981 2852 V,
996 2786 1055 2850 185,
1066 2787 1112 2839 ubi
1125 2799 1212 2851 notat,

140 2873 308 2925 sabbatorum
320 2872 473 2944 religionem
483 2869 554 2942 apud
566 2871 698 2922 Romanos
712 2868 959 2939 frequentissimam,
971 2866 1078 2921 tudens
1087 2881 1174 2922 autem
1185 2869 1214 2922 in

140 2955 316 3028 propagandis
326 2955 482 3008 cerimoniis
492 2954 639 3025 ritibusque
647 2953 701 3006 suis
710 2952 861 3005 ambitiosos
871 2952 958 3005 iuiese.
966 2951 1089 3024 Bynseue,
1097 2951 1212 3008 deCalc.

141 3039 208 3092 Heb.
217 3039 256 3104 ΙΙ,
266 3037 548 3111 4‚poetamimperitise
555 3036 653 3106 arguit,
666 3046 690 3086 et
702 3033 799 3088 Braun.
811 3032 845 3087 de
856 3034 926 3088 Vest.
936 3035 1003 3088 Heb.
1014 3035 1041 3100 I,
1053 3035 1077 3098 3,
1090 3037 1140 3103 Sa,
1151 3053 1213 3089 eum

141 3119 280 3176 commoda
291 3119 504 3191 interpretatione
512 3121 604 3191 juvare
612 3136 643 3170 ac
653 3116 796 3170 defendere
804 3129 923 3169 conatur.
934 3113 1089 3169 Plathnerus
1098 3115 1154 3170 buc
1163 3116 1212 3170 ad-

140 3205 256 3257 notavit:
271 3203 390 3256 ·Merula
399 3200 554 3256 Iudaeorum
562 3198 731 3271 nudipedalia
745 3197 864 3251 denotari
873 3198 1008 3269 opinatur:
1019 3197 1065 3252 sed
1074 3198 1131 3251 hec
1141 3213 1213 3252 extra

140 3287 280 3341 sabbatum
291 3285 498 3348 celebrabantur,
509 3296 541 3336 ut
555 3282 634 3336 tradit
646 3282 742 3352 Scalig.
757 3279 867 3333 Emend.
882 3279 976 3353 Temp.
996 3282 1047 3334 111.
1063 3284 1210 3342 Sabbatum,

142 3371 193 3426 boc
201 3373 272 3439 loco,
279 3370 423 3444 quamlibet
432 3369 609 3434 festivitatem,
621 3378 646 3418 et
652 3365 793 3437 septimum
803 3363 957 3435 cumprimis
966 3363 1046 3432 diem,
1056 3365 1102 3437 qui
1110 3381 1214 3437 semper

564 3504 697 3525 fflfflffl
702 3503 794 3524 m

179 3623 188 3648 ¹
208 3619 246 3664 De
259 3614 369 3678 Agrippa
382 3612 475 3673 maiore
486 3608 536 3656 vid.
550 3606 653 3672 Joseph.
699 3605 748 3652 Dio
758 3604 823 3653 cass.
833 3619 887 3668 pag.
899 3606 964 3664 7523
977 3605 1034 3652 Tac.
1044 3603 1135 3652 Annal.
1144 3601 1214 3662 xil,

144 3701 202 3748 Ant.
221 3694 281 3745 Jud.
298 3693 399 3750 xvttl,
420 3704 501 3751 r-9;
516 3687 594 3744 xlx,
609 3701 656 3746 17,
701 3682 1213 3746 23;1111,7etflisc11,tr;v,1;aa.

144 3796 170 3843 p.
182 3776 243 3836 638,
255 3777 306 3830 §aa
319 3787 370 3835 seq.
379 3773 430 3830 670
443 3783 494 3830 seq.
504 3767 558 3814 Act.
569 3767 656 3828 Apost.
699 3765 786 3828 Apost.
798 3765 874 3810 XXV
882 3773 906 3810 et
916 3764 1011 3810 xxvl.
1021 3761 1092 3812 Cous.
1104 3761 1213 3809 Noldius

145 3860 196 3906 xli
210 3853 270 3921 (ubi
280 3849 386 3900 Herodes
402 3843 520 3910 dicitur),
531 3845 580 3892 Dio
591 3844 656 3892 Cass.
700 3841 732 3889 de
742 3841 799 3890 Vita
808 3851 832 3889 et
844 3841 925 3890 Gestis
936 3841 1064 3890 llerodnm
1077 3841 1110 3889 sd
1122 3841 1213 3890 calceat

146 3937 203 3994 LX,
217 3949 259 3994 17,
276 3947 329 3996 pag.
349 3928 398 3984 tat
413 3937 438 3976 et
454 3925 519 3985 6073
535 3923 611 3972 Mem.
625 3921 657 3969 de
701 3923 767 3986 opp.
790 3921 894 3985 Josepbi
914 3921 954 3968 ad.
974 3923 1077 3971 Haverc.
1096 3931 1156 3968 tom.
1174 3921 1212 3977 Il,

145 4009 295 4063 I'Anaddes
303 4005 404 4071 Inscrip.
413 4015 474 4054 tom.
482 4004 555 4062 XIX,
563 4018 588 4066 p.
597 4001 658 4061 4285
701 4017 755 4066 pag.
767 4001 832 4062 333,
850 4010 875 4046 et
887 3999 1042 4048 schleusneri
1060 4000 1168 4048 lexicon
1184 3999 1213 4046 in

146 4105 206 4143 tom.
220 4091 365 4152 xx1‚prg.
380 4085 430 4148 289
444 4099 495 4146 seq.
508 4082 539 4129 de
553 4079 658 4130 saniore
702 4080 766 4128 Nor.
779 4081 976 4140 Testamentum,
991 4077 1094 4128 rocabb.
1106 4065 1214 4148 'dyptit-

147 4173 249 4240 ioseph.
260 4171 278 4220 l.
291 4185 313 4218 c.
327 4182 383 4232 pag.
395 4166 455 4228 679,
466 4163 530 4223 ⁶83,
544 4162 595 4224 690
609 4173 659 4222 seq.
703 4175 756 4212 tut
766 4169 790 4207 et
799 4145 918 4230 Ἡρώδῃ.
