3056 4984
309 445 371 524 348
582 448 622 512 D.
649 448 786 513 JUNll
812 447 1094 514 JUVENALIS

307 563 481 656 Coeperat,
497 577 533 632 et
548 578 641 633 secto
659 563 810 657 requiem
825 587 962 658 sperare
976 565 1112 636 lacerto.

307 673 472 744 Praeterea
490 672 595 742 multa
612 675 646 741 in
663 674 749 744 facie
767 673 949 759 deformia,
968 673 1056 743 sicut

306 782 449 852 Attritus
464 783 574 876 galea,
590 784 778 878 mediisque
794 784 828 850 in
844 783 979 851 naribus
995 785 1114 876 ingens

306 891 454 977 GibbuS,
469 908 504 963 et
518 917 596 963 acre
611 892 735 961 malum
752 915 888 986 semper
902 891 1055 960 stillantis
1070 889 1180 961 ocelli.

304 999 372 1069 Sed
386 1000 548 1094 gladiator
560 1018 633 1072 erat
648 1027 655 1069 ε
673 1001 754 1070 lacit
771 1001 837 1070 hoc
852 1000 927 1070 illos
942 1000 1169 1095 Hyacintb0s;
1327 1029 1376 1064 no

305 1111 380 1178 Hoc
395 1112 509 1204 pueris
524 1113 726 1206 patriaeque,
743 1109 809 1180 boc
825 1109 972 1206 praetulit
990 1110 1046 1178 illa
1059 1109 1167 1180 sorori

303 1221 417 1315 Atque
434 1221 509 1290 viro
527 1248 534 1289 :
554 1221 683 1291 ferrum
699 1220 875 1314 est,·quod
888 1235 1011 1289 amant.
1028 1221 1097 1289 Hic
1115 1217 1254 1311 Sergius
1270 1215 1357 1285 idem

305 1330 453 1424 Accepta
468 1330 551 1399 rude
568 1319 724 1425 c'oepisset
738 1331 886 1400 Veiento
904 1329 1020 1399 videri.

352 1441 444 1528 Quid
460 1442 589 1535 privata
605 1442 743 1528 domna,
758 1440 839 1534 quid
854 1439 978 1510 feccrit
993 1439 1134 1534 Hippia,
1149 1435 1271 1506 curas?

306 1549 449 1642 Respice
466 1550 585 1620 rivales
599 1551 783 1635 Divorum3
798 1548 957 1618 Claudius
971 1549 1049 1616 audi
1326 1557 1373 1612 115

304 1658 388 1745 Quae
407 1658 530 1729 tulerit.
545 1661 703 1730 Dormire
718 1660 830 1727 virum
845 1682 949 1752 quum
964 1673 1116 1728 senserat
1134 1682 1235 1742 uxor,

306 1771 395 1838 Ausa
407 1768 557 1838 Palatino
575 1784 722 1864 tegetem
737 1768 900 1865 proelerre
918 1770 1034 1854 cubili,

304 1879 445 1949 Sumere
461 1895 647 1948 nocturnos
663 1880 824 1949 meretrix
838 1881 989 1974 Augusta
1006 1877 1173 1962 cucullos,

304 1987 496 2080 Linquebat
511 1988 637 2059 comite
653 1988 772 2057 ancilla
786 2014 855 2057 non
872 1988 1116 2082 amplius-ona,

304 2095 371 2164 Sed
387 2096 521 2190 nigrum
540 2097 627 2164 llavo
643 2099 772 2166 crinem
788 2086 1017 2168 abscondente
1034 2095 1167 2190 galero,
1327 2126 1373 2161 120

304 2207 449 2275 Intravit
463 2207 606 2276 calidum
623 2206 731 2276 veteri
749 2220 895 2275 centone
913 2205 1071 2299 ldpanar,

305 2319 349 2386 Et
362 2316 479 2386 cellam
495 2341 634 2386 vacuam
650 2331 751 2410 atquc
768 2339 862 2385 suam
877 2307 985 2383 stunc
1000 2314 1091 2383 nuda
1104 2313 1238 2408 papillis

305 2527 428 2584 barbato
442 2538 470 2583 et
483 2527 599 2601 hispido
613 2546 673 2584 non
687 2538 798 2583 tantum
811 2536 926 2594 mento,
942 2525 993 2580 sed
1006 2521 1081 2580 'collo
1094 2535 1173 2580 erat:
1190 2523 1297 2579 deinde
1309 2523 1373 2578 bra-

306 2617 371 2674 chio
383 2637 442 2674 ono
452 2619 584 2686 mutilos,
603 2637 665 2693 quae
680 2638 725 2675 res
736 2619 779 2674 illi
789 2637 869 2693 spem
880 2617 1045 2674 obtinendae
1055 2616 1197 2672 missionis
1210 2627 1239 2672 et
1252 2615 1374 2672 vacatio

305 2710 350 2767 nis
360 2711 397 2765 ab
408 2721 469 2767 arte
480 2710 648 2785 gladiatoria
660 2710 780 2768 faciebat
798 2733 805 2766 ε
824 2722 885 2767 tum
902 2709 1064 2784 complures
1084 2709 1115 2764 in
1126 2709 1209 2764 vultu
1223 2707 1315 2776 naevi;
1329 2717 1372 2762 tu·

306 2821 372 2858 mor
386 2802 477 2859 foedus
489 2803 521 2858 in
538 2801 635 2858 medio
650 2821 737 2872 naso,
756 2822 842 2876 quem
863 2805 943 2879 galea
961 2802 1046 2859 etiam
1064 2801 1231 2870 attriverat;
1250 2799 1373 2874 deniqne

308 2895 407 2951 oculus
424 2894 484 2951 acri
503 2906 531 2952 et
549 2896 670 2950 molesto
690 2896 812 2950 humore
831 2913 944 2968 semper
960 2893 1091 2970 lippiens.
1111 2895 1221 2949 Verum
1237 2904 1299 2948 erat
1316 2893 1373 2968 gla-

308 2985 403 3042 diator
419 3007 426 3041 ε
444 3006 489 3042 ars
506 2997 564 3042 tam
581 2986 715 3060 praeclara
736 3003 817 3059 pares
833 2986 1000 3062 Hyacinthis
1016 2986 1083 3061 ipsis
1101 2985 1196 3042 ludios
1212 2984 1301 3040 tacit:
1318 2985 1372 3040 boc

308 3076 380 3132 illud
393 3076 461 3146 fuit,
478 3076 559 3150 quod
575 3077 679 3150 Hippia
691 3077 805 3151 patriae,
822 3077 930 3144 sorori,
946 3076 1060 3146 liberis,
1077 3075 1182 3133 marito
1195 3076 1372 3149 anteposuit:

307 3170 486 3226 delectantur
498 3168 605 3226 scilicet
616 3169 694 3226 ferro
708 3187 852 3246 generosae
869 3169 1020 3239 mulieres;
1038 3180 1067 3225 et
1080 3169 1212 3224 eumdem
1225 3168 1373 3244 Sergium,

307 3263 332 3320 si
342 3263 464 3319 donatus
474 3262 574 3318 suisset
586 3262 673 3332 rude,
687 3261 711 3318 si
720 3273 811 3318 artem
824 3260 1020 3336 gladiatoriam
1033 3260 1225 3335 deposuisset,
1238 3279 1299 3316 non
1310 3262 1373 3337 plo·

308 3356 364 3428 ris,
381 3375 466 3431 quam
477 3355 666 3412 Veientonem
679 3373 761 3411 suum
774 3355 887 3422 virum,
903 3352 1008 3427 Hippia
1022 3351 1142 3410 lecisset.

351 3456 415 3516 114.
437 3448 552 3504 Miraris
563 3448 619 3504 hoc
632 3448 722 3503 scelus
736 3445 889 3502 admissum
901 3443 985 3499 sitisse
996 3463 1013 3498 a
1023 3444 1148 3518 privata,
1161 3454 1190 3500 et
1199 3442 1307 3499 nullius
1316 3441 1373 3499 sere

308 3539 433 3598 nominis
451 3539 591 3596 muliere?
609 3541 689 3615 Ipsos
709 3539 830 3594 Caesares
847 3536 1057 3610 contemplare3
1076 3536 1189 3591 intuere
1202 3533 1268 3590 illos
1285 3545 1373 3589 terre-

308 3644 380 3689 stres
396 3631 482 3701 deos,
504 3642 532 3688 et
547 3631 652 3688 horum
668 3629 786 3700 rivales;
803 3627 869 3684 audi
882 3626 952 3702 quid
964 3627 1086 3685 Claudio
1101 3626 1269 3701 imperatori
1283 3624 1374 3682 conti-

308 3724 390 3800 gerit.
411 3723 508 3792 Quum
526 3721 628 3780 altiore
647 3740 749 3778 somno
763 3720 859 3778 virum
873 3718 965 3775 teneri
978 3737 1054 3774 uxor
1071 3738 1121 3774 sua
1133 3717 1290 3786 sentiebat,
1309 3727 1375 3772 tunc

309 3835 376 3872 ausa
390 3815 477 3871 vilem
493 3814 611 3871 fornicis
627 3825 744 3892 mattam
764 3810 951 3887 imperatorio
970 3809 1057 3866 cubili
1076 3810 1230 3884 praeferre,
1248 3809 1375 3864 sumebat

309 3917 484 3964 noctumnm
495 3907 638 3964 cucullum
651 3906 788 3963 meretrix
802 3904 918 3982 regina,
935 3921 993 3977 quo
1008 3902 1138 3958 involuta
1150 3899 1288 3977 palatium
1304 3899 1374 3954 chm

310 3999 475 4072 linquebat,
495 4019 552 4056 una
570 4010 681 4055 tantum
702 4010 731 4055 et
752 4018 813 4055 non
835 3996 955 4072 amplius
977 3995 1079 4052 ancilla
1101 3993 1271 4064 comitante;
1291 3989 1374 4068 atque

311 4087 386 4145 flavo
402 4091 556 4166 galericulo
573 4102 686 4168 tegente
703 4090 802 4167 nigros
822 4090 938 4167 capillos
956 4089 1082 4165 ingressa
1096 4098 1139 4144 est
1154 4087 1274 4161 lupanar
1285 4083 1374 4140 veteri

311 4178 437 4256 tritoque
448 4185 584 4259 operculo
597 4193 716 4241 stratum
730 4193 759 4241 et
776 4183 868 4245 adhuc
888 4182 1026 4253 calidum,
1046 4179 1255 4258 occuparitque
1274 4177 1372 4233 cellam
