3148 4990
286 492 328 560 36
434 481 604 552 VARIAE
633 475 921 545 LECTIONES
951 474 1014 538 ET
1044 469 1196 537 NOTAE

284 615 379 677 protes.
394 599 445 650 Vir
462 609 549 650 autem
568 592 674 657 doctus,
695 590 722 642 in
742 593 797 642 less.
818 591 885 656 Allg.
900 589 947 638 Lis.
968 588 1027 638 Zeis.
1044 603 1105 638 ann.
1124 583 1210 646 1810,
1228 579 1262 632 N.
1283 577 1353 645 285,

284 709 313 762 p.
330 687 381 751 480
392 725 399 750 ,
412 682 576 755 suspicatur,
589 679 718 743 Thymelen
731 673 811 726 luisse
822 689 917 725 nomen
929 671 1052 723 usitatum
1064 670 1092 721 in
1105 665 1210 722 familiis
1221 663 1354 718 artificum

283 763 467 827 theatralium,
488 760 530 813 vel
550 768 700 810 curatorum
726 771 806 825 apum
826 751 980 804 fictorumse
1002 747 1195 811 somniorum,
1218 763 1232 797 s
1252 736 1354 813 Sipus,

283 843 365 899 odora
383 853 463 914 apum
482 837 581 902 herbo,
602 846 627 887 et
636 830 697 887 itsis
703 871 713 901 ,
727 851 828 902 cupere,
846 827 1049 891 deducendum,
1068 843 1151 899 quum
1167 835 1238 877 certe
1253 825 1356 874 Fnstisu

285 930 399 995 Thymele
411 927 472 996 (qu.
480 925 569 991 snseus
581 921 662 986 thymo
672 916 714 970 vel
723 919 750 966 iu
758 916 840 980 tlsymo
849 913 983 980 delicians)
994 911 1022 962 iu
1035 908 1260 981 1nscr.np.Grut.
1275 919 1294 959 t.
1306 905 1354 971 11,

282 1033 311 1087 p.
326 1029 410 1075 toto,
421 1027 449 1060 n.
461 1026 474 1058 a
486 1045 494 1071 ,
507 1003 550 1057 ed.
561 1003 648 1056 Grnr.
664 1018 734 1053 aram
748 998 848 1051 diesne
859 995 962 1051 dicutur
975 997 1009 1046 Μ.
1027 999 1059 1046 D.
1074 997 1110 1046 M.
1126 995 1136 1061 (
1144 994 1230 1044 loraou
1240 993 1356 1042 Mellunoe

282 1099 353 1150 Disce
363 1093 456 1160 Matri)
467 1091 590 1148 comite,
600 1103 680 1158 quem
690 1081 828 1154 Augustiu.
842 1078 875 1132 de
884 1077 944 1132 Civ.
958 1076 1022 1139 Dei,
1034 1093 1113 1148 apum
1122 1073 1199 1127 deam
1209 1071 1288 1124 luisse
1301 1083 1357 1124 tra-

281 1178 335 1232 dat.
350 1175 413 1228 vid.
426 1171 536 1225 Luciau.
548 1168 582 1222 de
595 1167 684 1221 Saltnt.
694 1183 752 1237 cap.
765 1166 809 1234 76,
825 1161 871 1215 ubi
884 1159 956 1216 conl.
968 1159 1078 1214 Gesueri
1087 1171 1175 1210 notam
1184 1155 1218 1210 de
1228 1158 1354 1222 Thymele,

202 1265 205 1276 ’
282 1260 425 1317 orchestris
438 1267 512 1327 parte
525 1249 621 1304 media.

318 1357 388 1410 Nor.
410 1353 453 1424 37.
465 1354 623 1402 Submuseaut
629 1348 697 1418 justa
706 1339 851 1396 hereditate
861 1360 868 1404 ;
879 1337 970 1391 confer
979 1337 1088 1390 Lucian.
1099 1337 1127 1388 in
1135 1335 1262 1400 Timone,
1274 1352 1299 1387 c.
1311 1353 1357 1386 aa.

282 1469 319 1482 --
337 1438 466 1495 Noctibus,
486 1441 615 1484 nonturno
628 1426 717 1491 ooitu,
736 1422 895 1488 concubitu;
918 1419 989 1474 unde
1001 1433 1095 1471 noctem
1108 1436 1192 1478 orum,
1203 1419 1359 1486 promittere,

282 1539 389 1590 negare,
398 1517 503 1586 pacisci.
514 1523 523 1548 ¹
845 1563 853 1586 s

316 1613 385 1665 Nor.
407 1608 450 1662 38,
466 1607 551 1658 Evehit
562 1607 587 1655 irs
599 1604 697 1661 celum,
710 1599 743 1652 sd
756 1616 814 1652 sum
857 1615 885 1649 m
897 1595 1078 1668 opulentiam,
1092 1593 1244 1664 dignitatem
1257 1604 1283 1646 et
1296 1590 1357 1644 feli·

282 1698 402 1752 citatem:
408 1722 446 1762 3-
460 1691 556 1760 Optima
569 1687 657 1739 ssuusni
666 1703 730 1735 nunc
739 1686 785 1733 niu
794 1681 938 1752 proiessus,
950 1697 1021 1732 nunc
1034 1678 1148 1750 optima,
1165 1677 1207 1730 vel
1218 1675 1361 1742 facillima,

282 1777 435 1834 brevissima
446 1784 472 1825 et
484 1769 611 1824 tutissima
624 1769 666 1822 via
680 1767 713 1820 ad
726 1783 856 1820 summam
869 1763 1036 1828 felicitatem,
1049 1760 1101 1813 nisi
1112 1761 1187 1814 mulis
1197 1801 1206 1827 ,
1218 1759 1251 1813 ad
1264 1779 1362 1814 consu·

283 1863 382 1925 lutum,
392 1871 525 1911 summum
534 1853 679 1916 honorem,
690 1851 776 1900 uesica
789 1851 880 1899 ustuloe
892 1850 984 1906 beate,
995 1862 1069 1896 amor
1081 1861 1156 1910 anus,
1168 1845 1208 1896 vel
1217 1839 1361 1896 viduarum

284 1944 416 2008 divitum,
437 1957 502 2012 quas
514 1935 581 1989 lucri
594 1953 671 1988 causa
683 1933 848 1988 sectabantur
859 1929 935 1983 multi
946 1951 954 1994 ;
967 1928 1059 1981 consen
1070 1926 1103 1979 ad
1116 1940 1163 1980 sat.
1178 1927 1218 1978 lv
1228 1967 1236 1994 ‚
1250 1945 1317 1980 vers.
1332 1932 1360 1989 4.

286 2058 322 2069 -
335 2032 479 2082 Pmeessus,
497 2019 559 2072 felix
570 2029 695 2082 eventus,
712 2015 814 2067 fortuna
828 2032 835 2066 :
854 2011 901 2066 sed
910 2013 1042 2079 pmcedm
1054 2010 1132 2063 etiam
1144 2009 1252 2081 proprie
1264 2008 1363 2062 dicitur

285 2109 408 2167 solemnis
418 2104 555 2160 consulum
564 2120 678 2174 pompa,
690 2118 741 2172 qur
753 2098 840 2170 primo
852 2095 910 2148 initi
923 2095 1086 2166 magistratus
1095 2093 1138 2146 die
1151 2113 1183 2146 ex
1196 2091 1295 2146 sedibus
1307 2095 1363 2146 suis
1394 2149 1397 2163 ι

286 2195 315 2247 iu
327 2189 487 2265 Capitolium
499 2184 697 2238 deducebantur
707 2191 727 2234 ².
743 2181 844 2234 Census
857 2191 961 2244 autem,
979 2190 1010 2230 ut
1020 2175 1110 2228 Ovidii
1124 2175 1211 2229 verbis
1226 2188 1301 2244 nur,
1319 2176 1366 2230 dat

286 2273 408 2326 honores,
420 2297 457 2308 -
470 2266 575 2324 Vesica,
588 2259 712 2336 pudenda
725 2259 881 2326 mulierum,
891 2277 994 2314 cunnus
1004 2299 1011 2324 ,
1022 2267 1052 2308 ut
1063 2247 1147 2324 cistis
1158 2267 1183 2309 et
1195 2248 1367 2327 aisti,apud

228 2380 230 2383 ,
287 2348 422 2442 Αῄςωρίιν,
437 2345 548 2475 ἱγείἓῑτ.
563 2341 625 2410 956.
639 2369 675 2382 -
686 2344 783 2400 Beate,
796 2335 887 2391 divitis
898 2377 905 2404 ,
917 2351 947 2390 ut
962 2327 1255 2408 diductumque,
1266 2337 1365 2408 pius.

289 2427 398 2483 Hesiod.
421 2432 485 2496 Em.
518 2428 562 2488 49.

326 2575 395 2621 Vn.
408 2581 451 2628 ιο.
460 2563 607 2626 Perculsus,
620 2579 667 2628 19,
679 2579 726 2624 nx,
737 2579 778 2612 na.
791 2562 861 2623 Gilo,
873 2577 912 2626 ¹9·
924 2561 1007 2626 Vulgo
1017 2560 1050 2608 ita
1060 2559 1232 2625 distinguitur:
1243 2557 1288 2607 sed
1299 2558 1366 2608 Gillo

289 2657 432 2706 deuncem:
449 2655 535 2699 Partes
550 2647 659 2712 quisque.
669 2683 676 2697 .
686 2682 710 2698 ..
726 2643 793 2694 item
808 2645 939 2710 Accipiat,
957 2659 1018 2692 sune
1034 2641 1168 2690 mecedem
1180 2640 1325 2706 sauguinis,
1342 2653 1369 2689 et

295 2739 343 2797 sic,
359 2748 404 2785 etc.
418 2735 492 2783 Nunc
504 2731 598 2779 mutavi
610 2728 849 2792 interpunctionem,
863 2727 981 2776 susdente
995 2724 1151 2783 Heiueckio,
1171 2733 1198 2772 ut
1216 2739 1301 2771 sensus
1319 2725 1366 2772 sit:

298 2820 440 2874 Proculeius
450 2832 550 2884 parvam
561 2813 704 2862 hereditatis
715 2825 810 2878 partem
820 2815 908 2873 lubet,
915 2814 1015 2878 accipit,
1024 2813 1068 2860 sed
1075 2812 1141 2861 Gillo
1150 2811 1227 2861 multo
1237 2813 1368 2871 majorem,

300 2922 324 2959 et
333 2907 421 2959 eodem
432 2903 507 2952 modo
518 2900 619 2966 quisque
630 2899 699 2947 lieres
706 2909 806 2961 partem
815 2915 887 2946 suum
896 2897 933 2946 ad
942 2913 1082 2946 mensuram
1093 2895 1215 2962 inguinis,
1226 2897 1276 2944 scil.
1285 2897 1369 2945 hebet.

721 3057 854 3078 mmm
859 3057 951 3076 m

301 3169 423 3240 peratori,
436 3163 514 3230 qualis
521 3161 622 3210 Latinus
630 3158 703 3206 fuerit
711 3158 813 3220 mimus,
856 3157 921 3204 hauc
934 3156 999 3220 oepit
1009 3165 1096 3220 preter
1106 3173 1145 3204 me
1154 3155 1253 3205 Gurlitt.
1266 3159 1294 3205 in
1306 3158 1371 3206 Ani-

261 3235 269 3245 ·
302 3264 368 3302 tutos
385 3247 458 3298 fnisse
474 3260 488 3292 a
505 3237 683 3299 delationibus,
701 3247 725 3285 et
738 3237 769 3284 tls
783 3253 814 3285 eo
857 3234 937 3283 madv.
947 3235 976 3284 sd
985 3237 1124 3284 Auctvett.
1131 3236 1201 3300 spec.
1209 3239 1245 3297 11,
1253 3236 1371 3300 Megdeh.

303 3332 364 3380 clam
373 3328 446 3377 fuisse
456 3321 554 3370 missam
564 3318 690 3366 mulierem
700 3325 741 3363 aut
750 3331 812 3363 uxo-
861 3315 924 3363 1801
934 3349 942 3373 ‚
954 3331 978 3379 p.
988 3315 1037 3373 tt,
1048 3315 1091 3377 qui
1101 3329 1171 3363 error
1177 3313 1294 3376 jornlsris
1303 3314 1372 3363 vide·

305 3425 356 3458 rem
368 3405 401 3455 ed
411 3403 545 3452 delatorem
557 3397 704 3463 placandum
713 3395 753 3442 vel
763 3411 815 3443 mn·
858 3402 899 3441 tur
911 3392 1061 3452 lleineolrio,
1079 3394 1137 3457 quia
1153 3404 1205 3442 toto
1219 3393 1245 3442 h.
1258 3394 1276 3441 1.
1290 3409 1371 3442 sermo

305 3488 424 3544 neribus,
445 3482 484 3530 vel
504 3478 616 3528 facundis
640 3475 722 3544 (unde
750 3473 815 3538 Tigr-
860 3470 1371 3533 sitdehereditstibus,etoousulaturnjuro

306 3565 398 3629 mele),
411 3562 449 3610 vel
462 3569 555 3623 stupro.
565 3559 601 3604 Ita
614 3569 712 3620 quoque
725 3554 817 3620 Ziegler
859 3549 1001 3599 hereditatis
1009 3551 1118 3615 occipere
1127 3567 1179 3600 non
1190 3553 1268 3600 uuest
1276 3552 1306 3600 Id
1314 3552 1371 3616 qui-

308 3647 339 3696 do
350 3642 424 3694 mluis
433 3643 505 3690 Rom.
515 3653 540 3702 p.
554 3637 595 3698 73.
861 3629 916 3678 dem
931 3645 1005 3678 nemo
1016 3630 1055 3676 vel
1068 3631 1214 3691 contendet,
1230 3632 1269 3679 vel
1283 3647 1314 3680 ex
1325 3631 1372 3679 hac

343 3731 353 3757 ¹
379 3721 470 3772 eones
480 3716 556 3768 urst.
569 3724 595 3762 et
607 3729 654 3762 nos
665 3711 697 3760 ad
718 3712 761 3760 Sil.
777 3714 815 3770 ll,
861 3708 1060 3773 interpretatione
1072 3709 1179 3775 colliget.
1187 3710 1372 3758 Hereditatibus

309 3805 376 3862 5⁰33
390 3802 441 3858 111,
455 3807 519 3860 4²9⁵
532 3795 586 3852 xl,
602 3793 660 3840 183.
861 3804 919 3836 vero
935 3787 1047 3836 seciflime
1065 3789 1224 3852 acquiruntur
1240 3790 1331 3838 divitia
1348 3800 1373 3838 et

329 3887 356 3951 ‘¹
375 3877 466 3929 eones
481 3871 608 3923 Drakenb.
626 3880 650 3918 et
664 3885 711 3918 uos
726 3869 758 3918 sd
775 3869 817 3918 sit.
861 3866 900 3914 his
912 3867 950 3914 viu
962 3867 994 3915 ed
1007 3884 1115 3916 summos
1128 3867 1245 3932 panditur
1254 3867 1372 3916 honores.

307 3965 358 4020 vl,
381 3969 450 4018 444,
468 3966 493 4004 et
510 3956 575 4018 iupr.
596 3951 688 4000 Eekhel
711 3949 817 3998 doctrin.
896 3942 908 3980 ³
932 3945 1022 3996 contet
1038 3949 1081 3996 iul.
1096 3964 1120 3996 v.
1132 3949 1182 4008 67,
1200 3949 1289 4006 etVI,
1304 3958 1372 4006 ποις

308 4041 465 4089 nummorum
478 4029 816 4102 rett.p.11,vvolu1n.V111‚
862 4026 947 4073 Heius.
964 4026 996 4074 ed
1015 4027 1088 4075 Ovid.
1105 4027 1191 4074 Amor.
1210 4029 1235 4084 l,
1256 4027 1303 4088 1⁵,
1323 4030 1371 4086 34;

309 4137 333 4185 p.
348 4117 396 4166 335
412 4130 462 4177 seq.
476 4112 521 4160 ubi
534 4111 565 4160 de
573 4109 723 4174 processibus
736 4123 819 4155 oonsu-
862 4107 952 4171 Cuperi
963 4107 1036 4156 Obss.
1046 4111 1099 4170 111,
1115 4123 1143 4167 13
1156 4107 1232 4156 Drsli.
1245 4118 1270 4155 et
1282 4123 1328 4156 nos
1342 4107 1373 4155 ad

311 4199 359 4249 lum
368 4193 507 4245 doctissime
516 4190 603 4254 agitur.
610 4189 646 4236 Ro
656 4201 819 4238 oeusuvoeom
862 4185 906 4234 Sil.
919 4188 946 4250 1,
960 4189 1020 4251 duo·
