3108 4986
463 425 650 490 sarius
678 426 900 509 Quanta.
1159 425 1220 492 233

152 534 274 604 Vendit
289 562 410 633 agros;
428 540 486 608 sed
501 539 645 632 majores
661 540 807 635 Appulia
822 543 949 612 vendit.

152 644 272 732 Quales
287 660 372 717 tunc
388 648 503 743 epulas
520 650 629 742 ipsum
648 649 784 742 glutisse
801 665 957 744 putemus

153 753 461 849 Endoperatorem,
478 781 582 851 quum
600 770 648 825 tot
665 757 835 842 sestertia,
851 772 981 851 partem

151 863 329 958 Exiguam,
346 880 381 934 et
395 866 536 936 modicae
550 881 716 960 sumptam
733 866 774 935 de
791 869 943 962 margine
958 893 1082 952 coenae,
1189 879 1221 932 3ο

152 973 345 1067 Purpureus
360 976 474 1069 magni
492 976 633 1044 ructarit
649 994 766 1044 scurra
781 975 905 1062 Palati,

151 1084 223 1151 lam
239 1085 400 1179 princeps
416 1086 584 1180 equitum,
601 1110 723 1180 magna
738 1087 798 1180 qui
814 1095 899 1153 voce
917 1084 1043 1153 solebat

152 1185 308 1262 Vendere
323 1195 511 1291 municipes
527 1195 628 1264 fricta
643 1194 686 1263 de
702 1217 815 1263 merce
832 1191 974 1262 siluros?

173 1347 178 1356 ·
198 1303 333 1396 Incipe,
350 1303 518 1400 Calliope,
534 1304 614 1374 licet
626 1318 661 1372 et
677 1301 852 1372 considere
870 1327 878 1370 ι
894 1326 963 1370 non
981 1316 1032 1370 est

153 1411 379 1499 Cantandum3
397 1437 450 1482 res
466 1438 546 1483 vcra
561 1415 682 1508 agitur.
700 1414 859 1498 Narrate,
876 1409 997 1505 puellae
1191 1419 1223 1470 ³5

154 1519 301 1590 Pierides
320 1547 328 1590 :
348 1523 454 1616 prosit
468 1524 567 1610 mihi,
584 1547 643 1591 vos
659 1522 781 1592 dixisse
798 1517 942 1623 puellas!
1036 1573 1039 1580 ·

197 1629 313 1719 Quum
326 1632 397 1724 jam
412 1633 645 1726 semianimum
661 1631 825 1702 laceraret
841 1631 976 1700 Flavius
992 1630 1109 1702 orbem

153 1737 315 1826 Ultimus,
330 1756 366 1810 et
381 1741 476 1810 calvo
491 1743 634 1812 serviret
650 1746 759 1812 Roma
775 1743 924 1829 Neroni3

153 1849 277 1919 Incidit
292 1851 428 1923 Adriaci
445 1855 588 1947 spatium
604 1853 799 1924 admirabile
816 1852 949 1922 rhombi

36 1952 39 1956 ’
154 1957 240 2026 Ante
256 1957 396 2029 domum
412 1963 572 2049 Veneris,
591 1987 691 2057 quam
707 1963 832 2032 Dorica
847 1961 989 2030 sustinet
1004 1963 1139 2045 Ancon,
1187 1974 1222 2030 to

153 2067 376 2163 implevitque
391 2071 483 2140 sinus
501 2097 509 2139 :
527 2097 638 2167 neque
654 2075 745 2142 enim
760 2075 873 2144 minor
887 2072 1029 2140 haeserat
1043 2067 1123 2154 illis,
1140 2073 1147 2091 ‘

151 2313 321 2389 piscatorem
337 2313 431 2390 ipsum
445 2314 577 2371 inferiori
590 2315 685 2389 pretio
700 2335 785 2390 quam
801 2315 908 2390 piscem
921 2335 928 2370 ε
943 2277 1102 2389 talipretio
1117 2313 1221 2388 ingen—

150 2416 192 2462 tes
205 2407 271 2482 agri
285 2406 454 2463 renduntur
477 2406 509 2462 in
531 2409 649 2464 remotis
666 2406 844 2483 provinciis,
867 2418 952 2480 atque
968 2407 1041 2464 adeo
1057 2405 1223 2481 amplissimi

150 2497 181 2554 in
195 2500 256 2574 ipsa
274 2499 388 2574 Apulia.
411 2501 492 2570 Quos
512 2510 581 2556 tunc
595 2500 633 2554 ab
650 2499 826 2574 imperatore
841 2509 971 2573 sumptus
985 2497 1070 2556 firisse
1086 2497 1176 2554 laetos
1191 2497 1223 2554 in

151 2591 299 2660 convivia,
306 2591 403 2666 quales
414 2591 511 2666 epulas
519 2592 557 2647 ab
564 2591 627 2666 ipso
635 2590 786 2648 devoratas
796 2609 956 2661 censemus,
966 2610 1056 2665 quum
1063 2589 1171 2665 piscem
1178 2601 1223 2648 tot

151 2683 288 2740 sestertiis
297 2693 444 2758 eruptum,
454 2682 596 2740 modicam
606 2682 771 2757 portionem
781 2682 879 2758 exigui
889 2682 1029 2752 convivii,
1042 2693 1071 2739 et
1080 2694 1223 2758 sumptam

151 2776 187 2834 de
202 2779 323 2852 privatae
337 2790 441 2834 mensae
456 2776 634 2854 marginibus
650 2776 829 2846 comederet,
845 2786 932 2850 atque
944 2777 984 2832 ita
997 2777 1170 2853 deglutiret,
1190 2786 1224 2832 ut

151 2879 249 2925 ructus
271 2869 388 2939 ederet,
408 2868 694 2944 aulicusparasitus,
720 2887 753 2926 ac
771 2869 869 2943 potius
884 2887 999 2940 scurra,
1018 2869 1078 2944 jam
1094 2867 1224 2943 equitnm

152 2961 301 3037 magister,
317 2960 388 3018 olim
398 2961 463 3018 vilis
475 2961 607 3031 institor,
622 2961 672 3036 qui
684 2972 817 3026 contenta
829 2981 901 3019 voce
913 2961 1018 3020 siluros
1031 2961 1181 3038 pisciculos
1191 2961 1224 3018 iu

152 3053 279 3128 Egypto
293 3072 342 3110 sua
357 3064 440 3109 natos
454 3052 621 3130 singillatim
633 3052 791 3110 divendere
804 3051 905 3111 solitus
916 3063 993 3126 erat,
1005 3063 1157 3130 postquam
1167 3052 1224 3110 sibi

152 3144 346 3204 mercedulam
356 3164 412 3219 pro
422 3146 521 3222 labore
530 3145 592 3202 aliis
602 3143 731 3220 praestito
744 3143 915 3222 pepigisset?

191 3235 240 3304 34.
262 3236 328 3292 Huc
337 3235 418 3307 ades,
431 3256 451 3294 o
463 3237 592 3310 Calliope
599 3256 608 3306 ;
622 3235 720 3291 lesbio
731 3235 880 3293 immorari
891 3236 977 3311 paulo
989 3235 1114 3301 diutius3
1129 3255 1223 3312 neque
1314 3259 1317 3262 ·

153 3345 223 3386 vero
237 3325 338 3386 lictum
350 3327 470 3402 aliquod
482 3346 598 3385 carmen
612 3327 666 3383 tibi
679 3337 722 3383 cst
733 3313 927 3397 recitandum,
941 3327 992 3384 sed
1003 3346 1048 3384 res
1057 3316 1125 3384 rere
1136 3339 1222 3404 gesta.

152 3419 250 3488 Illam,
264 3437 375 3492 qnaeso,
388 3430 559 3487 memorato,
574 3421 680 3489 Musae,
693 3419 812 3476 eruditae
820 3417 963 3494 virgines,
974 3419 1067 3476 favete
1077 3417 1149 3475 mibi
1158 3438 1225 3476 nar-

155 3512 242 3579 ranti,
259 3511 307 3566 vei
323 3529 386 3567 earn
400 3513 442 3570 oh
454 3531 580 3570 caussam
594 3511 739 3587 quadros
750 3510 877 3587 virgines
892 3509 1094 3568 honestissimo
1107 3511 1225 3568 nomine

154 3605 364 3682 appellaverim.

192 3697 241 3768 37.
264 3697 362 3768 Quum
374 3708 537 3772 postremus
550 3698 694 3754 Cesaram
704 3714 721 3752 e
731 3695 830 3752 Flavia
840 3707 925 3772 gente
936 3695 1038 3753 orbem
1049 3695 1112 3752 dira
1123 3695 1227 3752 crude-

154 3788 231 3845 litate
249 3789 388 3846 laceruret
401 3789 461 3863 jam
479 3789 714 3859 semimortuum,
733 3807 766 3844 ac
785 3789 878 3844 Roma
893 3787 1032 3842 servitute
1046 3796 1226 3861 premeretur

154 3881 206 3936 sub
217 3879 423 3937 immanissimo
438 3881 625 3955 imperatore,
645 3881 710 3955 qui,
725 3880 835 3938 Neroni
852 3891 946 3937 cetera
961 3877 1078 3947 similis,
1095 3879 1151 3934 boc
1165 3897 1225 3936 nno

154 3971 337 4046 dispareret,
349 3973 430 4048 quod
442 3974 537 4030 calvus
546 3984 635 4043 esset,
649 3975 789 4030 rhombus
802 3972 887 4048 piscis
898 3971 1073 4028 admiranda
1085 3972 1226 4048 magnitu-

154 4061 229 4120 dinis
240 4063 273 4120 iu
286 4064 358 4120 retia
375 4063 523 4138 piscatoris
536 4063 655 4136 incidit,
669 4065 699 4121 in
714 4065 787 4122 mari
800 4063 963 4135 Adriatico,
978 4073 1046 4120 ante
1057 4063 1155 4120 ionum
1165 4067 1225 4122 Ve-

152 4155 241 4226 ueris,
253 4175 318 4232 quae
327 4159 453 4216 Anconae
462 4155 576 4214 Doricae
585 4156 705 4230 colitnr3
715 4175 749 4215 ac
760 4168 821 4216 rete
829 4167 925 4216 toturn
934 4155 1089 4231 complevit
1100 4178 1106 4212 :
1117 4158 1225 4232 quippe
