3122 4986
392 451 466 518 ,ut
490 439 720 518 sartaaat
742 449 990 519 octavam.
1166 449 1231 518 685

169 563 906 639 privaveratpaterno,neciqnedestiuaverat.Ceterum
913 567 1136 637 Agamemnonem
1144 565 1233 636 primo

170 647 258 701 statim
266 648 364 704 edium
377 649 496 721 ingressu
509 648 627 702 occisum
641 647 725 705 tradit
736 649 868 720 Virgilius
880 651 942 702 ΕΠ.
957 647 1006 711 XI,
1019 650 1078 720 267,
1091 646 1127 701 ad
1142 666 1232 714 aram,

171 729 218 782 ubi
240 731 415 786 sacrificabat
435 732 535 806 Hygia.
562 731 632 785 Feb.
654 749 719 803 117,
738 733 788 785 sub
814 731 897 785 finem
917 731 1049 796 convivii,
1070 732 1098 785 in
1119 732 1233 796 balneo,

169 830 253 884 quum
267 813 378 868 induere
390 815 471 870 vellet
483 814 633 878 indusium,
645 815 680 868 ab
699 815 788 868 uxore
799 816 837 868 ita
854 827 1014 881 consutum,
1025 826 1056 868 ut
1072 831 1122 868 neo
1138 815 1234 888 capiti,

169 913 219 948 nec
235 897 359 950 manibus
379 898 480 952 exitum
493 897 624 969 praeberet
635 898 797 971 :AEschylaa
812 909 839 950 et
852 897 924 950 alii.¹

203 993 275 1048 Nor.
294 1013 357 1065 ²¹7·
375 996 434 1049 ²18.
454 996 549 1067 Neque
562 994 643 1047 etiam
658 994 765 1048 Orestes
781 995 930 1060 Electram,
942 1012 1061 1048 sororem
1079 1012 1167 1059 suam,
1179 1007 1235 1049 tru-

170 1073 285 1140 cidavit,
297 1091 328 1130 ut
336 1079 410 1132 Nero
419 1078 561 1132 Octaviam
571 1089 599 1130 et
607 1077 763 1141 Antoniam,
772 1095 876 1131 sorores
886 1077 1027 1149 adoptivae
1037 1078 1047 1145 (
1058 1095 1120 1129 nam
1127 1077 1236 1130 Claudii

171 1157 278 1211 fuerunt
293 1159 371 1226 filie,
384 1172 411 1214 et
423 1161 538 1214 Octavia
550 1160 629 1212 simul
643 1160 757 1214 Neronis
775 1163 895 1232 conjux)
908 1179 915 1215 ε
931 1174 978 1214 aut
991 1160 1164 1214 Hermionem
1175 1181 1236 1213 eon·

162 1243 273 1308 sugium,
288 1242 342 1296 boc
355 1257 410 1309 est,
424 1245 582 1316 conjugem,
597 1244 707 1298 Helenae
720 1257 747 1298 et
759 1246 891 1311 Menelai,
913 1248 1031 1312 Spartani
1040 1245 1124 1316 regis,
1137 1246 1237 1312 liliam,

169 1336 201 1376 ut
218 1327 290 1379 Nero
306 1327 449 1381 Octaviam
472 1339 499 1380 et
516 1328 679 1398 Poppaeam,
700 1345 797 1381 uxores
812 1347 883 1382 snas.
902 1328 980 1381 Conl.
1001 1329 1096 1382 Horat.
1115 1329 1170 1382 Sat.
1191 1330 1235 1394 ΙΙ,

171 1407 201 1471 3,
215 1408 265 1479 137
275 1428 330 1481 seq.

204 1505 278 1561 Nom
296 1523 355 1574 ²¹9·
374 1507 481 1560 Orestes
493 1525 601 1577 quoque
615 1509 725 1564 aconito,
738 1505 792 1559 hoc
803 1518 856 1572 est,
868 1526 972 1561 veneno
985 1508 997 1576 (
1005 1505 1067 1561 vide
1078 1505 1154 1574 adl,
1169 1508 1237 1578 158)

170 1604 225 1640 uon
238 1588 346 1641 sustulit
354 1590 532 1661 propinquos,
544 1601 576 1641 nt
585 1591 659 1642 Nero
669 1589 830 1651 Domitiam,
843 1591 1027 1643 Britannicum
1039 1604 1065 1644 et
1078 1593 1237 1657 Antoniam,

170 1689 214 1721 nee
230 1689 337 1739 unquam
355 1675 380 1724 in
398 1691 473 1726 scena
489 1675 596 1724 conavit
611 1679 720 1735 Orestes,
741 1685 772 1726 ut
789 1676 882 1740 Nero,
900 1672 935 1726 de
953 1691 1008 1745 quo
1018 1671 1081 1729 ride
1098 1693 1180 1748 snpra
1201 1675 1237 1729 ad

170 1772 276 1808 versum
290 1756 349 1822 198.

208 1903 272 1948 vsa.
291 1915 351 1950 aao.
370 1899 476 1949 Certavie
486 1899 598 1959 horestes,
608 1901 650 1956 45.

204 1997 273 2044 Van.
292 2012 350 2045 aar.
369 1995 496 2064 Verginius
512 1995 600 2059 scripsi
614 2009 661 2059 pro
672 1991 807 2060 Virginius,
819 1995 938 2057 qnoniam
950 1995 984 2042 ita
995 2011 1048 2043 nou
1059 1995 1135 2044 modo
1148 1995 1175 2044 in
1190 2007 1237 2057 rt,

174 2075 214 2138 ιδ,
226 2093 265 2139 17,
274 2093 315 2139 ar,
325 2093 366 2139 aa,
375 2081 416 2138 50,
426 2082 459 2128 tia
468 2113 476 2139 ,
485 2087 510 2126 et
520 2075 667 2140 quibusdam
678 2073 759 2123 Codd.
768 2075 845 2124 Paris.
858 2076 902 2123 sed
913 2075 985 2124 etiam
996 2076 1024 2124 in
1035 2075 1159 2141 Inscriptt.
1170 2080 1235 2144 opti-

171 2159 265 2224 misque
275 2161 455 2225 exemplaribus
464 2169 599 2218 auctorum,
609 2173 672 2221 quos
680 2157 708 2203 in
718 2153 817 2205 comm.
827 2154 934 2217 laudaui,
948 2156 1043 2223 legitur.

206 2253 293 2304 Assa.
313 2268 373 2304 aar.
396 2251 483 2300 Troica
498 2247 617 2301 carmina
626 2265 677 2296 non
691 2247 799 2315 serpsit,
812 2257 843 2298 ut
852 2247 939 2312 Nero,
954 2248 1001 2318 qui
1011 2264 1067 2301 non
1079 2247 1162 2301 modo
1173 2268 1237 2322 poe-

171 2334 225 2388 tica
240 2333 367 2388 facultate
379 2331 522 2386 destitutus
532 2331 592 2383 noel
608 2329 652 2381 ani
666 2329 705 2380 tat
718 2329 759 2385 tin
773 2335 814 2380 τοῦ
826 2328 924 2399 θιάτρου
937 2329 1068 2401 ὀρχήστραν
1082 2333 1105 2382 la
1116 2331 1236 2406 πανῆμαρ

172 2415 217 2467 τινὶ
232 2417 274 2488 θέᾳ
289 2413 380 2470 antido
392 2413 537 2486 ael'dae'pu
548 2409 644 2483 Τρωϊκὰ
659 2409 712 2462 τινὰ
729 2413 813 2463 ἑαυτοῦ
829 2410 954 2481 ποιήματα
964 2415 974 2482 (
984 2413 1089 2485 Xiphil.
1103 2413 1131 2466 iu
1143 2417 1206 2470 Ner.
1216 2419 1237 2488 )¹

172 2497 220 2555 aed
233 2499 313 2553 etiam
326 2496 482 2551 incendium
495 2497 611 2548 Romae
624 2495 693 2548 turri
706 2493 899 2549 Maecenatiana
909 2508 1099 2566 prospectans,
1110 2498 1238 2570 laetusque

171 2582 298 2649 flammae,
309 2596 341 2636 ut
350 2579 456 2643 aiebat,
465 2577 669 2651 pulchritudine
680 2577 766 2630 ἅλωσιν
776 2577 834 2644 Ilii,
846 2577 875 2630 iu
887 2577 936 2630 illo
947 2597 995 2632 auo
1008 2580 1114 2633 scenico
1125 2581 1237 2648 habita,

173 2663 339 2730 decantavit,
352 2673 417 2716 teste
432 2663 505 2714 Suet.
520 2662 584 2714 Ner.
599 2661 647 2727 38,
666 2673 693 2714 et
705 2660 794 2714 Tacit.
812 2661 909 2714 Annal.
923 2663 987 2729 XV,
999 2663 1042 2731 39.
1054 2664 1131 2717 Nihil
1143 2667 1238 2720 salsius

173 2767 205 2802 ao
218 2747 329 2802 facetius
342 2745 397 2800 dici
414 2756 521 2818 poterat
539 2761 556 2796 a
574 2742 720 2810 Juvenale‚
739 2755 769 2796 ut
786 2743 951 2810 ostenderet,
967 2747 1103 2801 Neronem
1122 2760 1148 2801 et
1165 2751 1237 2806 inea·

173 2835 282 2888 niorem'
291 2845 318 2888 et
335 2831 526 2906 improbiorem
541 2828 622 2882 iturae
640 2829 742 2882 Oreste.
755 2836 765 2863 ²
779 2829 863 2884 Poeta
879 2851 957 2896 vero,
974 2831 1048 2904 qnod
1058 2835 1113 2906 jam
1125 2835 1172 2890 alii
1189 2839 1237 2891 ob·

172 2929 325 2982 servarunt,
336 2935 390 2969 non
407 2911 501 2969 tamid
517 2911 646 2966 damnare
665 2909 786 2976 videtur,
800 2911 875 2984 quod
883 2915 973 2981 Nero,
985 2917 1092 2987 poetica
1110 2917 1237 2974 facultate
1295 2941 1302 2952 ·

172 3001 329 3064 destitutus,
347 2997 447 3052 Troica
467 2995 588 3068 scripsit,
605 3006 644 3059 et,
657 2996 705 3066 qui
722 3008 864 3067 poetarum
877 2997 950 3050 illius
963 2999 1013 3051 aevi
1026 3000 1101 3054 furor
1118 3001 1180 3068 luit,
1196 3005 1237 3058 fa·

173 3085 251 3138 bulas
270 3082 422 3138 decantavit
441 3078 610 3143 Homericae,
630 3096 712 3150 quam
729 3078 802 3151 quod
817 3098 940 3151 magnam
962 3083 1054 3135 Romu
1071 3097 1174 3155 partem
1196 3087 1237 3141 in-

173 3163 252 3220 cendi
268 3164 361 3239 jussit,
378 3176 409 3217 ut
421 3159 520 3216 excidii
537 3161 650 3232 Trojaui
661 3162 805 3233 imaginem
822 3161 879 3234 ipse
893 3176 1029 3231 cerneret,
1042 3179 1068 3218 et
1080 3169 1130 3236 (ut
1149 3172 1238 3224 verbis

173 3248 262 3302 Taciti
274 3248 326 3300 loc.
345 3245 389 3299 cit.
402 3247 482 3313 utar)
494 3241 569 3315 quod
586 3243 646 3315 ipso
659 3256 779 3318 tempore
790 3242 929 3315 flagrantis
947 3247 1031 3299 Urbis
1050 3249 1077 3300 in
1093 3249 1238 3308 domestica

173 3351 252 3385 scena
277 3328 348 3384 illud
369 3325 503 3382 excidium
528 3326 639 3393 cecinit,
656 3329 797 3400 presentia
816 3327 1023 3384 male-vetustis
1043 3333 1167 3388 cladibus
1190 3337 1237 3390 ad-

174 3415 302 3470 similans.

209 3558 277 3611 Nor.
297 3573 356 3608 aar.
377 3556 444 3623 Quid
457 3550 556 3620 miiu,³
568 3550 705 3624 quoduam
716 3572 780 3608 vero
790 3553 902 3619 borum,
913 3573 972 3627 quar
983 3555 1066 3610 modo
1077 3560 1238 3628 memoravi,

591 3723 820 3746 mmm

212 3862 220 3888 ¹
239 3853 295 3902 Seu.
306 3851 391 3916 Agem.
401 3866 425 3900 v.
439 3847 579 3911 tos—895
586 3863 593 3905 ;
607 3843 680 3894 Triel.
725 3843 1235 3908 videinpr.wemdort1³0ent.semtn‚

173 3937 205 3984 ad
218 3935 293 3984 Elect.
310 3932 373 3995 195;
389 3926 512 3994 Lycophr.
528 3943 551 3973 v.
570 3940 635 3988 ¹⁰99
657 3934 682 3971 et
724 3933 784 3973 tom.
798 3925 905 3990 ΝΜ.
916 3927 978 3978 586,

177 4015 252 4072 1108,
264 4011 308 4062 ubl
317 4026 341 4060 v.
352 4011 444 4059 Menrs.
456 4023 483 4072 p.
493 4006 553 4062 282,
565 4013 591 4052 et
598 4005 678 4050 Tacta.
762 3995 774 4034 ³
793 4002 883 4063 Enim,
893 4006 937 4055 Gr.
948 3999 993 4066 tt,
1006 4004 1055 4076 γάρ
1065 4023 1115 4067 τοι,
1124 4025 1195 4073 vero,
1210 4025 1238 4062 ua

101 4095 106 4104 '
210 4095 276 4142 ’De
297 4090 403 4139 carmine
430 4089 484 4148 ejus
511 4084 612 4147 inepto,
639 4083 679 4129 cui
727 4081 1236 4152 apudVirg.AEu.V,8503Vl,5a;Vlll,

176 4174 256 4238 Trojoe
273 4168 364 4220 balonis
381 4167 418 4216 vel
438 4165 499 4214 alius
517 4161 601 4210 titulus
619 4161 679 4220 snit,
724 4163 754 4220 dt
762 4179 771 4222 ς
780 4165 822 4222 x,
834 4163 885 4224 874
894 4180 902 4225 ;
911 4165 942 4214 ad
951 4182 1005 4232 quae
1015 4166 1067 4216 loca
1075 4169 1125 4220 vid.
1138 4173 1235 4236 lique.
