<?xml version="1.0" encoding="UTF-8"?>
<!DOCTYPE html PUBLIC "-//W3C//DTD XHTML 1.0 Transitional//EN"
    "http://www.w3.org/TR/xhtml1/DTD/xhtml1-transitional.dtd">
<html xmlns="http://www.w3.org/1999/xhtml" xml:lang="en" lang="en">
 <head>
  <title>
</title>
<meta http-equiv="Content-Type" content="text/html;charset=utf-8" />
  <meta name='ocr-system' content='tesseract 3.04.00' />
  <meta name='ocr-capabilities' content='ocr_page ocr_carea ocr_par ocr_line ocrx_word'/>
</head>
<body>
  <div class='ocr_page' id='page_1' title='image "./sexdecimsatir01lemagoog_0090.png"; bbox 0 0 3148 4990; ppageno 0'>
   <div class='ocr_carea' id='block_1_1' title="bbox 399 478 1218 572">
    <p class='ocr_par' dir='ltr' id='par_1_1' title="bbox 399 478 1218 572">
     <span class='ocr_line' id='line_1_1' title="bbox 399 478 1218 572; baseline 0.012 -30"><span class='ocrx_word' id='word_1_1' title='bbox 399 478 457 544; x_wconf 81' lang='lat' dir='ltr'>tn</span> <span class='ocrx_word' id='word_1_2' title='bbox 487 479 718 546; x_wconf 72' lang='lat' dir='ltr'>serment</span> <span class='ocrx_word' id='word_1_3' title='bbox 747 483 961 550; x_wconf 82' lang='lat' dir='ltr'>PRIMAM.</span> <span class='ocrx_word' id='word_1_4' title='bbox 1172 484 1218 572; x_wconf 79' lang='lat'>69</span> 
     </span>
    </p>
   </div>
   <div class='ocr_carea' id='block_1_2' title="bbox 137 589 1214 668">
    <p class='ocr_par' dir='ltr' id='par_1_2' title="bbox 137 589 1214 668">
     <span class='ocr_line' id='line_1_2' title="bbox 137 589 1214 668; baseline 0.005 -26"><span class='ocrx_word' id='word_1_5' title='bbox 137 601 217 657; x_wconf 69' lang='lat' dir='ltr'>supra</span> <span class='ocrx_word' id='word_1_6' title='bbox 229 603 292 659; x_wconf 74' lang='lat' dir='ltr'>pag.</span> <span class='ocrx_word' id='word_1_7' title='bbox 308 607 354 658; x_wconf 87' lang='lat'>17:</span> <span class='ocrx_word' id='word_1_8' title='bbox 366 601 393 642; x_wconf 87' lang='lat' dir='ltr'>et</span> <span class='ocrx_word' id='word_1_9' title='bbox 401 589 437 644; x_wconf 88' lang='lat' dir='ltr'>de</span> <span class='ocrx_word' id='word_1_10' title='bbox 446 611 524 645; x_wconf 80' lang='lat' dir='ltr'>versu</span> <span class='ocrx_word' id='word_1_11' title='bbox 536 593 595 663; x_wconf 81' lang='lat'>157,</span> <span class='ocrx_word' id='word_1_12' title='bbox 605 607 710 660; x_wconf 76' lang='lat' dir='ltr'>nomm,</span> <span class='ocrx_word' id='word_1_13' title='bbox 720 596 762 648; x_wconf 84' lang='lat' dir='ltr'>vel</span> <span class='ocrx_word' id='word_1_14' title='bbox 770 597 914 650; x_wconf 72' lang='lat' dir='ltr'>excursum</span> <span class='ocrx_word' id='word_1_15' title='bbox 924 596 990 649; x_wconf 79' lang='lat' dir='ltr'>inira</span> <span class='ocrx_word' id='word_1_16' title='bbox 1001 597 1125 668; x_wconf 89' lang='lat' dir='ltr'>positum.</span> <span class='ocrx_word' id='word_1_17' title='bbox 1137 606 1146 630; x_wconf 89' lang='lat'><em>¹</em></span> <span class='ocrx_word' id='word_1_18' title='bbox 1161 595 1214 647; x_wconf 85' lang='lat' dir='ltr'>En.</span> 
     </span>
    </p>
   </div>
   <div class='ocr_carea' id='block_1_3' title="bbox 141 731 1215 884">
    <p class='ocr_par' dir='ltr' id='par_1_3' title="bbox 141 731 1215 884">
     <span class='ocr_line' id='line_1_3' title="bbox 175 731 1214 802; baseline 0.013 -26"><span class='ocrx_word' id='word_1_19' title='bbox 175 731 243 778; x_wconf 81' lang='lat' dir='ltr'>Vsa.</span> <span class='ocrx_word' id='word_1_20' title='bbox 267 734 327 782; x_wconf 77' lang='lat'>158.</span> <span class='ocrx_word' id='word_1_21' title='bbox 347 734 466 794; x_wconf 68' lang='lat' dir='ltr'>retent,</span> <span class='ocrx_word' id='word_1_22' title='bbox 484 755 530 797; x_wconf 87' lang='grc' dir='ltr'>ιο,</span> <span class='ocrx_word' id='word_1_23' title='bbox 546 754 588 796; x_wconf 88' lang='grc' dir='ltr'>ιι,</span> <span class='ocrx_word' id='word_1_24' title='bbox 604 741 1214 802; x_wconf 72' lang='lat' dir='ltr'>1t‚¹⁵‚²²‚²7‚45-50‚54‚55‚64‚68‚</span> 
     </span>
     <span class='ocr_line' id='line_1_4' title="bbox 141 813 1215 884; baseline 0.012 -25"><span class='ocrx_word' id='word_1_25' title='bbox 141 813 211 861; x_wconf 73' lang='lat' dir='ltr'>uniti</span> <span class='ocrx_word' id='word_1_26' title='bbox 229 817 306 864; x_wconf 79' lang='lat' dir='ltr'>codd.</span> <span class='ocrx_word' id='word_1_27' title='bbox 324 820 400 867; x_wconf 83' lang='lat' dir='ltr'>Paris.</span> <span class='ocrx_word' id='word_1_28' title='bbox 419 831 443 868; x_wconf 87' lang='lat' dir='ltr'>et</span> <span class='ocrx_word' id='word_1_29' title='bbox 459 831 567 870; x_wconf 85' lang='lat' dir='ltr'>vetustus</span> <span class='ocrx_word' id='word_1_30' title='bbox 578 823 625 870; x_wconf 88' lang='lat' dir='ltr'>viri</span> <span class='ocrx_word' id='word_1_31' title='bbox 637 822 703 872; x_wconf 88' lang='lat' dir='ltr'>docti</span> <span class='ocrx_word' id='word_1_32' title='bbox 714 825 741 871; x_wconf 90' lang='lat' dir='ltr'>iu</span> <span class='ocrx_word' id='word_1_33' title='bbox 754 826 825 873; x_wconf 83' lang='lat' dir='ltr'>Miso.</span> <span class='ocrx_word' id='word_1_34' title='bbox 838 824 910 873; x_wconf 91' lang='lat' dir='ltr'>Obss.</span> <span class='ocrx_word' id='word_1_35' title='bbox 922 826 975 873; x_wconf 86' lang='lat' dir='ltr'>crit.</span> <span class='ocrx_word' id='word_1_36' title='bbox 988 827 1035 874; x_wconf 85' lang='lat' dir='ltr'>rol.</span> <span class='ocrx_word' id='word_1_37' title='bbox 1045 828 1084 884; x_wconf 82' lang='lat' dir='ltr'>V,</span> <span class='ocrx_word' id='word_1_38' title='bbox 1102 835 1161 872; x_wconf 89' lang='lat' dir='ltr'>tom.</span> <span class='ocrx_word' id='word_1_39' title='bbox 1175 827 1215 881; x_wconf 86' lang='lat'>11;</span> 
     </span>
    </p>
   </div>
   <div class='ocr_carea' id='block_1_4' title="bbox 141 899 1216 1052">
    <p class='ocr_par' dir='ltr' id='par_1_4' title="bbox 141 899 1216 1052">
     <span class='ocr_line' id='line_1_5' title="bbox 142 899 1216 975; baseline 0.013 -33"><span class='ocrx_word' id='word_1_40' title='bbox 142 911 165 958; x_wconf 78' lang='lat' dir='ltr'>p</span> <span class='ocrx_word' id='word_1_41' title='bbox 179 899 240 958; x_wconf 79' lang='lat'>267.</span> <span class='ocrx_word' id='word_1_42' title='bbox 254 901 345 948; x_wconf 81' lang='lat' dir='ltr'>Parnm</span> <span class='ocrx_word' id='word_1_43' title='bbox 360 903 475 962; x_wconf 86' lang='lat' dir='ltr'>interest,</span> <span class='ocrx_word' id='word_1_44' title='bbox 488 905 564 953; x_wconf 90' lang='lat' dir='ltr'>modo</span> <span class='ocrx_word' id='word_1_45' title='bbox 575 921 634 954; x_wconf 81' lang='lat' dir='ltr'>mox</span> <span class='ocrx_word' id='word_1_46' title='bbox 646 909 784 972; x_wconf 74' lang='lat' dir='ltr'>reposueris</span> <span class='ocrx_word' id='word_1_47' title='bbox 799 909 925 975; x_wconf 73' lang='lat' dir='ltr'><em>despiciet,</em></span> <span class='ocrx_word' id='word_1_48' title='bbox 946 925 1013 970; x_wconf 90' lang='lat' dir='ltr'>non,</span> <span class='ocrx_word' id='word_1_49' title='bbox 1029 919 1057 956; x_wconf 92' lang='lat' dir='ltr'>ut</span> <span class='ocrx_word' id='word_1_50' title='bbox 1076 909 1216 958; x_wconf 84' lang='lat' dir='ltr'>lleuninius</span> 
     </span>
     <span class='ocr_line' id='line_1_6' title="bbox 141 979 650 1052; baseline 0.022 -24"><span class='ocrx_word' id='word_1_51' title='bbox 141 979 232 1044; x_wconf 70' lang='lat' dir='ltr'>aliique</span> <span class='ocrx_word' id='word_1_52' title='bbox 244 984 367 1045; x_wconf 90' lang='lat' dir='ltr'>editores,</span> <span class='ocrx_word' id='word_1_53' title='bbox 377 985 486 1034; x_wconf 71' lang='lat' dir='ltr'>arebertus·</span> <span class='ocrx_word' id='word_1_54' title='bbox 495 999 518 1034; x_wconf 88' lang='lat' dir='ltr'>et</span> <span class='ocrx_word' id='word_1_55' title='bbox 529 987 650 1052; x_wconf 81' lang='lat' dir='ltr'>despiciet.</span> 
     </span>
    </p>
   </div>
   <div class='ocr_carea' id='block_1_5' title="bbox 141 1074 1219 1244">
    <p class='ocr_par' dir='ltr' id='par_1_5' title="bbox 141 1074 1219 1244">
     <span class='ocr_line' id='line_1_7' title="bbox 177 1074 1216 1154; baseline 0.012 -28"><span class='ocrx_word' id='word_1_56' title='bbox 177 1074 264 1128; x_wconf 73' lang='lat' dir='ltr'>Areu.</span> <span class='ocrx_word' id='word_1_57' title='bbox 281 1079 346 1142; x_wconf 83' lang='lat'>158,</span> <span class='ocrx_word' id='word_1_58' title='bbox 358 1078 417 1144; x_wconf 78' lang='lat'>159.</span> <span class='ocrx_word' id='word_1_59' title='bbox 430 1081 574 1152; x_wconf 75' lang='lat' dir='ltr'>Responsio</span> <span class='ocrx_word' id='word_1_60' title='bbox 587 1094 670 1154; x_wconf 79' lang='lat' dir='ltr'>poetae</span> <span class='ocrx_word' id='word_1_61' title='bbox 681 1100 687 1134; x_wconf 79' lang='grc' dir='ltr'>ε</span> <span class='ocrx_word' id='word_1_62' title='bbox 698 1081 859 1153; x_wconf 82' lang='lat' dir='ltr'>patienteme</span> <span class='ocrx_word' id='word_1_63' title='bbox 871 1084 1006 1137; x_wconf 80' lang='lat' dir='ltr'>serendum</span> <span class='ocrx_word' id='word_1_64' title='bbox 1014 1097 1065 1148; x_wconf 91' lang='lat' dir='ltr'>est,</span> <span class='ocrx_word' id='word_1_65' title='bbox 1074 1085 1216 1138; x_wconf 84' lang='lat' dir='ltr'>sceleratis·</span> 
     </span>
     <span class='ocr_line' id='line_1_8' title="bbox 141 1155 1219 1244; baseline 0.011 -37"><span class='ocrx_word' id='word_1_66' title='bbox 141 1155 223 1210; x_wconf 87' lang='lat' dir='ltr'>simos</span> <span class='ocrx_word' id='word_1_67' title='bbox 230 1158 365 1226; x_wconf 85' lang='lat' dir='ltr'>homines,</span> <span class='ocrx_word' id='word_1_68' title='bbox 374 1163 503 1235; x_wconf 87' lang='lat' dir='ltr'>superbos</span> <span class='ocrx_word' id='word_1_69' title='bbox 510 1177 535 1216; x_wconf 91' lang='lat' dir='ltr'>et</span> <span class='ocrx_word' id='word_1_70' title='bbox 541 1165 665 1244; x_wconf 81' lang='lat' dir='ltr'>sublimes</span> <span class='ocrx_word' id='word_1_71' title='bbox 674 1166 735 1218; x_wconf 78' lang='lat' dir='ltr'>ferri</span> <span class='ocrx_word' id='word_1_72' title='bbox 742 1167 769 1217; x_wconf 94' lang='lat' dir='ltr'>in</span> <span class='ocrx_word' id='word_1_73' title='bbox 776 1167 889 1234; x_wconf 88' lang='lat' dir='ltr'>lecticis,</span> <span class='ocrx_word' id='word_1_74' title='bbox 901 1179 926 1220; x_wconf 87' lang='lat' dir='ltr'>et</span> <span class='ocrx_word' id='word_1_75' title='bbox 932 1187 980 1220; x_wconf 90' lang='lat' dir='ltr'>nos</span> <span class='ocrx_word' id='word_1_76' title='bbox 988 1168 1061 1220; x_wconf 87' lang='lat' dir='ltr'>illinc</span> <span class='ocrx_word' id='word_1_77' title='bbox 1067 1167 1219 1240; x_wconf 77' lang='lat' dir='ltr'>despicere?</span> 
     </span>
    </p>
   </div>
   <div class='ocr_carea' id='block_1_6' title="bbox 143 1253 1218 1418">
    <p class='ocr_par' dir='ltr' id='par_1_6' title="bbox 143 1253 1218 1418">
     <span class='ocr_line' id='line_1_9' title="bbox 178 1253 1218 1335; baseline 0.011 -31"><span class='ocrx_word' id='word_1_78' title='bbox 178 1253 248 1306; x_wconf 78' lang='lat' dir='ltr'>Nor.</span> <span class='ocrx_word' id='word_1_79' title='bbox 271 1257 329 1310; x_wconf 82' lang='lat'>158.</span> <span class='ocrx_word' id='word_1_80' title='bbox 342 1259 405 1312; x_wconf 80' lang='lat' dir='ltr'>iisse</span> <span class='ocrx_word' id='word_1_81' title='bbox 418 1261 498 1313; x_wconf 85' lang='lat' dir='ltr'>verba</span> <span class='ocrx_word' id='word_1_82' title='bbox 511 1261 617 1333; x_wconf 80' lang='lat' dir='ltr'>proprie</span> <span class='ocrx_word' id='word_1_83' title='bbox 629 1263 663 1316; x_wconf 90' lang='lat' dir='ltr'>ud</span> <span class='ocrx_word' id='word_1_84' title='bbox 674 1263 832 1335; x_wconf 79' lang='lat' dir='ltr'>Tigellinum</span> <span class='ocrx_word' id='word_1_85' title='bbox 843 1276 977 1335; x_wconf 82' lang='lat' dir='ltr'>spectant,</span> <span class='ocrx_word' id='word_1_86' title='bbox 988 1263 1011 1314; x_wconf 88' lang='lat' dir='ltr'>si</span> <span class='ocrx_word' id='word_1_87' title='bbox 1023 1262 1087 1316; x_wconf 88' lang='lat' dir='ltr'>iides</span> <span class='ocrx_word' id='word_1_88' title='bbox 1098 1263 1218 1316; x_wconf 85' lang='lat' dir='ltr'>habenda</span> 
     </span>
     <span class='ocr_line' id='line_1_10' title="bbox 143 1334 1217 1418; baseline 0.01 -31"><span class='ocrx_word' id='word_1_89' title='bbox 143 1334 231 1389; x_wconf 80' lang='lat' dir='ltr'>Probo</span> <span class='ocrx_word' id='word_1_90' title='bbox 251 1338 430 1395; x_wconf 76' lang='lat' dir='ltr'>Grammatico</span> <span class='ocrx_word' id='word_1_91' title='bbox 450 1347 528 1412; x_wconf 87' lang='lat' dir='ltr'>(nam</span> <span class='ocrx_word' id='word_1_92' title='bbox 546 1345 617 1397; x_wconf 85' lang='lat' dir='ltr'>aliud</span> <span class='ocrx_word' id='word_1_93' title='bbox 635 1347 810 1400; x_wconf 87' lang='lat' dir='ltr'>testimonium</span> <span class='ocrx_word' id='word_1_94' title='bbox 823 1346 1020 1416; x_wconf 54' lang='lat' dir='ltr'>desideratum:</span> <span class='ocrx_word' id='word_1_95' title='bbox 1036 1347 1217 1418; x_wconf 77' lang='lat' dir='ltr'>«Tigellinus,</span> 
     </span>
    </p>
   </div>
   <div class='ocr_carea' id='block_1_7' title="bbox 568 1497 797 1516">
    <p class='ocr_par' dir='ltr' id='par_1_7' title="bbox 568 1497 797 1516">
     <span class='ocr_line' id='line_1_11' title="bbox 568 1497 797 1516; baseline 0 0"><span class='ocrx_word' id='word_1_96' title='bbox 568 1497 797 1516; x_wconf 55' lang='lat' dir='ltr'>mmmm</span> 
     </span>
    </p>
   </div>
   <div class='ocr_carea' id='block_1_8' title="bbox 143 1592 1221 2216">
    <p class='ocr_par' dir='ltr' id='par_1_8' title="bbox 143 1592 1221 2216">
     <span class='ocr_line' id='line_1_12' title="bbox 181 1592 1220 1659; baseline 0.011 -24"><span class='ocrx_word' id='word_1_97' title='bbox 181 1597 189 1620; x_wconf 82' lang='lat'>¹</span> <span class='ocrx_word' id='word_1_98' title='bbox 202 1592 297 1640; x_wconf 81' lang='lat' dir='ltr'>Versus</span> <span class='ocrx_word' id='word_1_99' title='bbox 306 1593 347 1642; x_wconf 86' lang='lat' dir='ltr'>bie</span> <span class='ocrx_word' id='word_1_100' title='bbox 357 1595 538 1658; x_wconf 80' lang='lat' dir='ltr'>perobscurus,</span> <span class='ocrx_word' id='word_1_101' title='bbox 547 1599 629 1657; x_wconf 82' lang='lat' dir='ltr'>cujas,</span> <span class='ocrx_word' id='word_1_102' title='bbox 638 1607 662 1644; x_wconf 86' lang='lat' dir='ltr'>et</span> <span class='ocrx_word' id='word_1_103' title='bbox 706 1597 785 1657; x_wconf 85' lang='lat' dir='ltr'>malo,</span> <span class='ocrx_word' id='word_1_104' title='bbox 798 1613 871 1659; x_wconf 86' lang='lat' dir='ltr'>quam</span> <span class='ocrx_word' id='word_1_105' title='bbox 884 1613 939 1645; x_wconf 85' lang='lat' dir='ltr'>oum</span> <span class='ocrx_word' id='word_1_106' title='bbox 950 1598 1022 1646; x_wconf 83' lang='lat' dir='ltr'>Hein.</span> <span class='ocrx_word' id='word_1_107' title='bbox 1035 1609 1060 1644; x_wconf 89' lang='lat' dir='ltr'>et</span> <span class='ocrx_word' id='word_1_108' title='bbox 1073 1597 1159 1645; x_wconf 82' lang='lat' dir='ltr'>Heinr.</span> <span class='ocrx_word' id='word_1_109' title='bbox 1174 1599 1220 1646; x_wconf 90' lang='lat' dir='ltr'>rui·</span> 
     </span>
     <span class='ocr_line' id='line_1_13' title="bbox 143 1669 1219 1740; baseline 0.011 -26"><span class='ocrx_word' id='word_1_110' title='bbox 143 1669 227 1727; x_wconf 76' lang='lat' dir='ltr'>lectio,</span> <span class='ocrx_word' id='word_1_111' title='bbox 237 1681 262 1717; x_wconf 91' lang='lat' dir='ltr'>et</span> <span class='ocrx_word' id='word_1_112' title='bbox 269 1673 577 1736; x_wconf 85' lang='lat' dir='ltr'>interpretatiotarudubia</span> <span class='ocrx_word' id='word_1_113' title='bbox 585 1687 620 1720; x_wconf 88' lang='lat' dir='ltr'>est</span> <span class='ocrx_word' id='word_1_114' title='bbox 628 1686 662 1722; x_wconf 90' lang='lat' dir='ltr'>at·</span> <span class='ocrx_word' id='word_1_115' title='bbox 707 1675 765 1734; x_wconf 88' lang='lat' dir='ltr'>rari,</span> <span class='ocrx_word' id='word_1_116' title='bbox 780 1691 823 1722; x_wconf 91' lang='lat' dir='ltr'>eos</span> <span class='ocrx_word' id='word_1_117' title='bbox 833 1675 924 1722; x_wconf 80' lang='lat' dir='ltr'>baerere</span> <span class='ocrx_word' id='word_1_118' title='bbox 937 1684 960 1722; x_wconf 91' lang='lat' dir='ltr'>et</span> <span class='ocrx_word' id='word_1_119' title='bbox 974 1691 1054 1723; x_wconf 89' lang='lat' dir='ltr'>errare</span> <span class='ocrx_word' id='word_1_120' title='bbox 1070 1677 1178 1740; x_wconf 87' lang='lat' dir='ltr'>potuisse</span> <span class='ocrx_word' id='word_1_121' title='bbox 1191 1679 1219 1726; x_wconf 90' lang='lat' dir='ltr'>iu</span> 
     </span>
     <span class='ocr_line' id='line_1_14' title="bbox 143 1754 1219 1820; baseline 0.007 -24"><span class='ocrx_word' id='word_1_122' title='bbox 143 1765 190 1812; x_wconf 84' lang='lat' dir='ltr'>que</span> <span class='ocrx_word' id='word_1_123' title='bbox 202 1761 252 1797; x_wconf 87' lang='lat' dir='ltr'>tam</span> <span class='ocrx_word' id='word_1_124' title='bbox 263 1768 350 1816; x_wconf 84' lang='lat' dir='ltr'>parum</span> <span class='ocrx_word' id='word_1_125' title='bbox 360 1755 491 1808; x_wconf 76' lang='lat' dir='ltr'>commode</span> <span class='ocrx_word' id='word_1_126' title='bbox 503 1756 617 1820; x_wconf 82' lang='lat' dir='ltr'>expedita</span> <span class='ocrx_word' id='word_1_127' title='bbox 630 1755 661 1803; x_wconf 85' lang='lat' dir='ltr'>ab</span> <span class='ocrx_word' id='word_1_128' title='bbox 705 1755 760 1801; x_wconf 90' lang='lat' dir='ltr'>loco</span> <span class='ocrx_word' id='word_1_129' title='bbox 778 1754 836 1801; x_wconf 82' lang='lat' dir='ltr'>sutis</span> <span class='ocrx_word' id='word_1_130' title='bbox 855 1755 1000 1818; x_wconf 88' lang='lat' dir='ltr'>perspicuo,</span> <span class='ocrx_word' id='word_1_131' title='bbox 1024 1765 1047 1801; x_wconf 91' lang='lat' dir='ltr'>et</span> <span class='ocrx_word' id='word_1_132' title='bbox 1062 1756 1104 1802; x_wconf 84' lang='lat' dir='ltr'>vix</span> <span class='ocrx_word' id='word_1_133' title='bbox 1116 1772 1166 1804; x_wconf 88' lang='lat' dir='ltr'>uns</span> <span class='ocrx_word' id='word_1_134' title='bbox 1179 1758 1219 1806; x_wconf 86' lang='lat' dir='ltr'>vel</span> 
     </span>
     <span class='ocr_line' id='line_1_15' title="bbox 144 1827 1218 1898; baseline 0.007 -24"><span class='ocrx_word' id='word_1_135' title='bbox 144 1829 295 1888; x_wconf 76' lang='lat' dir='ltr'>editoribus,</span> <span class='ocrx_word' id='word_1_136' title='bbox 313 1843 341 1879; x_wconf 91' lang='lat' dir='ltr'>ut</span> <span class='ocrx_word' id='word_1_137' title='bbox 360 1833 470 1881; x_wconf 86' lang='lat' dir='ltr'>Pitboeus</span> <span class='ocrx_word' id='word_1_138' title='bbox 487 1827 661 1898; x_wconf 84' lang='lat' dir='ltr'>profiteretur,</span> <span class='ocrx_word' id='word_1_139' title='bbox 704 1832 777 1880; x_wconf 88' lang='lat' dir='ltr'>altera</span> <span class='ocrx_word' id='word_1_140' title='bbox 796 1833 873 1880; x_wconf 82' lang='lat' dir='ltr'>fallaci</span> <span class='ocrx_word' id='word_1_141' title='bbox 892 1833 1017 1898; x_wconf 70' lang='lat' dir='ltr'>scriptura</span> <span class='ocrx_word' id='word_1_142' title='bbox 1032 1835 1125 1882; x_wconf 88' lang='lat' dir='ltr'>macula</span> <span class='ocrx_word' id='word_1_143' title='bbox 1139 1835 1218 1898; x_wconf 84' lang='lat' dir='ltr'>impe·</span> 
     </span>
     <span class='ocr_line' id='line_1_16' title="bbox 145 1908 1219 1977; baseline 0.007 -22"><span class='ocrx_word' id='word_1_144' title='bbox 145 1908 238 1956; x_wconf 87' lang='lat' dir='ltr'>unllum</span> <span class='ocrx_word' id='word_1_145' title='bbox 251 1911 276 1956; x_wconf 93' lang='lat' dir='ltr'>in</span> <span class='ocrx_word' id='word_1_146' title='bbox 284 1911 324 1958; x_wconf 90' lang='lat' dir='ltr'>bis</span> <span class='ocrx_word' id='word_1_147' title='bbox 331 1912 412 1960; x_wconf 80' lang='lat' dir='ltr'>satiris</span> <span class='ocrx_word' id='word_1_148' title='bbox 423 1913 504 1960; x_wconf 79' lang='lat' dir='ltr'>locum</span> <span class='ocrx_word' id='word_1_149' title='bbox 515 1929 566 1961; x_wconf 85' lang='lat' dir='ltr'>esse</span> <span class='ocrx_word' id='word_1_150' title='bbox 574 1949 580 1972; x_wconf 93' lang='lat'>,</span> <span class='ocrx_word' id='word_1_151' title='bbox 588 1930 661 1977; x_wconf 90' lang='lat' dir='ltr'>quem</span> <span class='ocrx_word' id='word_1_152' title='bbox 705 1913 769 1971; x_wconf 90' lang='lat' dir='ltr'>dito,</span> <span class='ocrx_word' id='word_1_153' title='bbox 784 1924 807 1961; x_wconf 89' lang='lat' dir='ltr'>et</span> <span class='ocrx_word' id='word_1_154' title='bbox 825 1913 978 1960; x_wconf 82' lang='lat' dir='ltr'>etiamnunc</span> <span class='ocrx_word' id='word_1_155' title='bbox 990 1915 1095 1976; x_wconf 87' lang='lat' dir='ltr'>aliquem</span> <span class='ocrx_word' id='word_1_156' title='bbox 1111 1916 1219 1974; x_wconf 88' lang='lat' dir='ltr'>uesoire,</span> 
     </span>
     <span class='ocr_line' id='line_1_17' title="bbox 143 1975 1218 2057; baseline 0.006 -23"><span class='ocrx_word' id='word_1_157' title='bbox 143 1991 396 2050; x_wconf 70' lang='lat' dir='ltr'>agrammatiuorum</span> <span class='ocrx_word' id='word_1_158' title='bbox 402 1992 490 2056; x_wconf 80' lang='lat' dir='ltr'>glossis</span> <span class='ocrx_word' id='word_1_159' title='bbox 498 1994 662 2057; x_wconf 84' lang='lat' dir='ltr'>miunsgram·</span> <span class='ocrx_word' id='word_1_160' title='bbox 705 1991 784 2054; x_wconf 85' lang='lat' dir='ltr'>qualis</span> <span class='ocrx_word' id='word_1_161' title='bbox 802 2008 847 2056; x_wconf 84' lang='lat' dir='ltr'>per</span> <span class='ocrx_word' id='word_1_162' title='bbox 864 2001 901 2038; x_wconf 86' lang='lat' dir='ltr'>tot</span> <span class='ocrx_word' id='word_1_163' title='bbox 917 1975 992 2041; x_wconf 77' lang='lat' dir='ltr'>luins</span> <span class='ocrx_word' id='word_1_164' title='bbox 1015 2003 1107 2057; x_wconf 89' lang='lat' dir='ltr'>prostet</span> <span class='ocrx_word' id='word_1_165' title='bbox 1124 1995 1218 2041; x_wconf 86' lang='lat' dir='ltr'>notatio</span> 
     </span>
     <span class='ocr_line' id='line_1_18' title="bbox 143 2069 1221 2132; baseline 0.005 -19"><span class='ocrx_word' id='word_1_166' title='bbox 143 2069 229 2115; x_wconf 76' lang='lat' dir='ltr'>utiee</span> <span class='ocrx_word' id='word_1_167' title='bbox 244 2069 402 2118; x_wconf 72' lang='lat' dir='ltr'>intellexerit.</span> <span class='ocrx_word' id='word_1_168' title='bbox 415 2071 564 2119; x_wconf 71' lang='lat' dir='ltr'>varietatem</span> <span class='ocrx_word' id='word_1_169' title='bbox 576 2071 661 2119; x_wconf 85' lang='lat' dir='ltr'>lectio·</span> <span class='ocrx_word' id='word_1_170' title='bbox 705 2070 1083 2132; x_wconf 84' lang='lat' dir='ltr'>GesueriadverbaPlinii,Psn.</span> <span class='ocrx_word' id='word_1_171' title='bbox 1091 2073 1221 2130; x_wconf 88' lang='lat' dir='ltr'>XXXIII,</span> 
     </span>
     <span class='ocr_line' id='line_1_19' title="bbox 144 2147 1220 2216; baseline 0.004 -22"><span class='ocrx_word' id='word_1_172' title='bbox 144 2147 183 2194; x_wconf 88' lang='lat' dir='ltr'>nis</span> <span class='ocrx_word' id='word_1_173' title='bbox 191 2165 265 2211; x_wconf 86' lang='lat' dir='ltr'>supra</span> <span class='ocrx_word' id='word_1_174' title='bbox 277 2150 309 2196; x_wconf 87' lang='lat' dir='ltr'>ad</span> <span class='ocrx_word' id='word_1_175' title='bbox 319 2151 388 2199; x_wconf 86' lang='lat' dir='ltr'>buno</span> <span class='ocrx_word' id='word_1_176' title='bbox 399 2152 481 2200; x_wconf 81' lang='lat' dir='ltr'>locum</span> <span class='ocrx_word' id='word_1_177' title='bbox 493 2152 658 2200; x_wconf 80' lang='lat' dir='ltr'>enatavimus:</span> <span class='ocrx_word' id='word_1_178' title='bbox 708 2151 721 2197; x_wconf 82' lang='lat'>³</span> <span class='ocrx_word' id='word_1_179' title='bbox 733 2167 738 2196; x_wconf 93' lang='lat'><strong>:</strong></span> <span class='ocrx_word' id='word_1_180' title='bbox 753 2165 822 2196; x_wconf 86' lang='lat' dir='ltr'>nemo</span> <span class='ocrx_word' id='word_1_181' title='bbox 837 2160 957 2214; x_wconf 83' lang='lat' dir='ltr'>spectator</span> <span class='ocrx_word' id='word_1_182' title='bbox 969 2151 1072 2199; x_wconf 82' lang='lat' dir='ltr'>miseras</span> <span class='ocrx_word' id='word_1_183' title='bbox 1083 2151 1220 2216; x_wconf 81' lang='lat' dir='ltr'>voluptates</span> 
     </span>
    </p>
   </div>
   <div class='ocr_carea' id='block_1_9' title="bbox 50 2225 1217 2296">
    <p class='ocr_par' dir='ltr' id='par_1_9' title="bbox 50 2225 1217 2296">
     <span class='ocr_line' id='line_1_20' title="bbox 50 2225 1217 2296; baseline 0.006 -25"><span class='ocrx_word' id='word_1_184' title='bbox 50 2249 62 2262; x_wconf 92' lang='lat'><strong>·</strong></span> <span class='ocrx_word' id='word_1_185' title='bbox 144 2241 211 2274; x_wconf 83' lang='lat' dir='ltr'>nune</span> <span class='ocrx_word' id='word_1_186' title='bbox 221 2231 498 2292; x_wconf 77' lang='lat' dir='ltr'>paneisreosnssbimus</span> <span class='ocrx_word' id='word_1_187' title='bbox 511 2233 662 2296; x_wconf 85' lang='lat' dir='ltr'>potioresri·</span> <span class='ocrx_word' id='word_1_188' title='bbox 705 2243 765 2275; x_wconf 83' lang='lat' dir='ltr'>unco</span> <span class='ocrx_word' id='word_1_189' title='bbox 786 2237 809 2275; x_wconf 82' lang='lat' dir='ltr'>et</span> <span class='ocrx_word' id='word_1_190' title='bbox 824 2225 919 2292; x_wconf 76' lang='lat' dir='ltr'>ignibus</span> <span class='ocrx_word' id='word_1_191' title='bbox 940 2229 1061 2293; x_wconf 72' lang='lat' dir='ltr'>expiavit,</span> <span class='ocrx_word' id='word_1_192' title='bbox 1079 2230 1129 2276; x_wconf 84' lang='lat' dir='ltr'>scil.</span> <span class='ocrx_word' id='word_1_193' title='bbox 1148 2230 1217 2278; x_wconf 81' lang='lat' dir='ltr'>brec:</span> 
     </span>
    </p>
   </div>
   <div class='ocr_carea' id='block_1_10' title="bbox 141 2308 1219 4282">
    <p class='ocr_par' dir='ltr' id='par_1_10' title="bbox 141 2308 1219 4282">
     <span class='ocr_line' id='line_1_21' title="bbox 144 2308 1219 2372; baseline 0.003 -19"><span class='ocrx_word' id='word_1_194' title='bbox 144 2321 227 2355; x_wconf 86' lang='lat' dir='ltr'>rorum</span> <span class='ocrx_word' id='word_1_195' title='bbox 234 2308 364 2358; x_wconf 83' lang='lat' dir='ltr'>doctorum</span> <span class='ocrx_word' id='word_1_196' title='bbox 372 2314 533 2372; x_wconf 83' lang='lat' dir='ltr'>eonjeomras.</span> <span class='ocrx_word' id='word_1_197' title='bbox 540 2312 663 2359; x_wconf 86' lang='lat' dir='ltr'>Nonnulli</span> <span class='ocrx_word' id='word_1_198' title='bbox 705 2331 718 2350; x_wconf 77' lang='grc' dir='ltr'>ι</span> <span class='ocrx_word' id='word_1_199' title='bbox 732 2309 810 2364; x_wconf 74' lang='lat' dir='ltr'>Urso,</span> <span class='ocrx_word' id='word_1_200' title='bbox 829 2323 879 2370; x_wconf 85' lang='lat' dir='ltr'>quo</span> <span class='ocrx_word' id='word_1_201' title='bbox 899 2308 991 2368; x_wconf 83' lang='lat' dir='ltr'>injecto</span> <span class='ocrx_word' id='word_1_202' title='bbox 1004 2308 1159 2356; x_wconf 81' lang='lat' dir='ltr'>traherentur</span> <span class='ocrx_word' id='word_1_203' title='bbox 1173 2325 1219 2372; x_wconf 86' lang='lat' dir='ltr'>per</span> 
     </span>
     <span class='ocr_line' id='line_1_22' title="bbox 143 2385 1218 2456; baseline 0.001 -20"><span class='ocrx_word' id='word_1_204' title='bbox 143 2385 275 2449; x_wconf 68' lang='lat' dir='ltr'>legendum</span> <span class='ocrx_word' id='word_1_205' title='bbox 283 2400 371 2455; x_wconf 82' lang='lat' dir='ltr'>putant</span> <span class='ocrx_word' id='word_1_206' title='bbox 381 2391 424 2456; x_wconf 82' lang='lat' dir='ltr'>qui</span> <span class='ocrx_word' id='word_1_207' title='bbox 431 2390 498 2438; x_wconf 85' lang='lat' dir='ltr'>ducit</span> <span class='ocrx_word' id='word_1_208' title='bbox 502 2409 513 2446; x_wconf 91' lang='lat'><em>;</em></span> <span class='ocrx_word' id='word_1_209' title='bbox 526 2391 629 2439; x_wconf 80' lang='lat' dir='ltr'>Withof.</span> <span class='ocrx_word' id='word_1_210' title='bbox 638 2401 662 2438; x_wconf 91' lang='lat' dir='ltr'>et</span> <span class='ocrx_word' id='word_1_211' title='bbox 705 2405 806 2436; x_wconf 85' lang='lat' dir='ltr'>arenam</span> <span class='ocrx_word' id='word_1_212' title='bbox 817 2405 822 2434; x_wconf 93' lang='lat'>:</span> <span class='ocrx_word' id='word_1_213' title='bbox 835 2386 944 2452; x_wconf 70' lang='lat' dir='ltr'>ignitus,</span> <span class='ocrx_word' id='word_1_214' title='bbox 954 2387 1077 2450; x_wconf 87' lang='lat' dir='ltr'>quibusiu</span> <span class='ocrx_word' id='word_1_215' title='bbox 1086 2388 1169 2436; x_wconf 85' lang='lat' dir='ltr'>tunica</span> <span class='ocrx_word' id='word_1_216' title='bbox 1178 2389 1218 2437; x_wconf 84' lang='lat' dir='ltr'>illa</span> 
     </span>
     <span class='ocr_line' id='line_1_23' title="bbox 144 2465 1219 2531; baseline 0.002 -19"><span class='ocrx_word' id='word_1_217' title='bbox 144 2465 246 2515; x_wconf 68' lang='lat' dir='ltr'>sthnd.</span> <span class='ocrx_word' id='word_1_218' title='bbox 265 2468 315 2514; x_wconf 75' lang='lat' dir='ltr'>vix</span> <span class='ocrx_word' id='word_1_219' title='bbox 337 2469 422 2526; x_wconf 69' lang='lat' dir='ltr'>elicuit,¹</span> <span class='ocrx_word' id='word_1_220' title='bbox 441 2469 537 2516; x_wconf 69' lang='lat' dir='ltr'>Masius</span> <span class='ocrx_word' id='word_1_221' title='bbox 556 2480 579 2516; x_wconf 94' lang='lat' dir='ltr'>et</span> <span class='ocrx_word' id='word_1_222' title='bbox 597 2470 661 2518; x_wconf 79' lang='lat' dir='ltr'>Aeb.</span> <span class='ocrx_word' id='word_1_223' title='bbox 707 2468 807 2516; x_wconf 86' lang='lat' dir='ltr'>molesta</span> <span class='ocrx_word' id='word_1_224' title='bbox 817 2467 1072 2515; x_wconf 87' lang='lat' dir='ltr'>urerenturbomiues.</span> <span class='ocrx_word' id='word_1_225' title='bbox 1081 2468 1219 2531; x_wconf 87' lang='lat' dir='ltr'>Utrumque</span> 
     </span>
     <span class='ocr_line' id='line_1_24' title="bbox 145 2545 1219 2613; baseline 0.003 -22"><span class='ocrx_word' id='word_1_226' title='bbox 145 2561 217 2593; x_wconf 83' lang='lat' dir='ltr'>versu</span> <span class='ocrx_word' id='word_1_227' title='bbox 231 2547 280 2596; x_wconf 82' lang='lat' dir='ltr'>boe</span> <span class='ocrx_word' id='word_1_228' title='bbox 293 2559 349 2613; x_wconf 87' lang='lat' dir='ltr'>post</span> <span class='ocrx_word' id='word_1_229' title='bbox 365 2549 414 2612; x_wconf 81' lang='lat'>159</span> <span class='ocrx_word' id='word_1_230' title='bbox 428 2549 524 2612; x_wconf 90' lang='lat' dir='ltr'>posito,</span> <span class='ocrx_word' id='word_1_231' title='bbox 538 2549 643 2596; x_wconf 65' lang='lat' dir='ltr'>dedum</span> <span class='ocrx_word' id='word_1_232' title='bbox 650 2566 661 2605; x_wconf 80' lang='lat'>,-</span> <span class='ocrx_word' id='word_1_233' title='bbox 706 2545 853 2610; x_wconf 83' lang='lat' dir='ltr'>supplicium</span> <span class='ocrx_word' id='word_1_234' title='bbox 867 2547 1016 2608; x_wconf 81' lang='lat' dir='ltr'>conjungere</span> <span class='ocrx_word' id='word_1_235' title='bbox 1030 2545 1126 2593; x_wconf 88' lang='lat' dir='ltr'>videtur</span> <span class='ocrx_word' id='word_1_236' title='bbox 1141 2548 1219 2594; x_wconf 82' lang='lat' dir='ltr'>Juve-</span> 
     </span>
     <span class='ocr_line' id='line_1_25' title="bbox 145 2624 1219 2688; baseline 0.001 -17"><span class='ocrx_word' id='word_1_237' title='bbox 145 2624 243 2688; x_wconf 87' lang='lat' dir='ltr'>Lipsius</span> <span class='ocrx_word' id='word_1_238' title='bbox 255 2627 287 2674; x_wconf 88' lang='lat' dir='ltr'>ad</span> <span class='ocrx_word' id='word_1_239' title='bbox 303 2629 359 2675; x_wconf 84' lang='lat' dir='ltr'>Sen.</span> <span class='ocrx_word' id='word_1_240' title='bbox 370 2629 401 2674; x_wconf 88' lang='lat' dir='ltr'>ds</span> <span class='ocrx_word' id='word_1_241' title='bbox 411 2632 465 2687; x_wconf 89' lang='lat' dir='ltr'>Ira,</span> <span class='ocrx_word' id='word_1_242' title='bbox 477 2629 525 2688; x_wconf 90' lang='lat'>111,</span> <span class='ocrx_word' id='word_1_243' title='bbox 537 2630 565 2686; x_wconf 80' lang='lat'>3,</span> <span class='ocrx_word' id='word_1_244' title='bbox 575 2645 607 2676; x_wconf 82' lang='lat' dir='ltr'>ex</span> <span class='ocrx_word' id='word_1_245' title='bbox 615 2638 662 2676; x_wconf 84' lang='lat' dir='ltr'>vet.</span> <span class='ocrx_word' id='word_1_246' title='bbox 706 2627 812 2686; x_wconf 87' lang='lat' dir='ltr'>ualis,1,</span> <span class='ocrx_word' id='word_1_247' title='bbox 826 2626 873 2674; x_wconf 81' lang='lat'>155</span> <span class='ocrx_word' id='word_1_248' title='bbox 882 2642 931 2688; x_wconf 88' lang='lat' dir='ltr'>seq.</span> <span class='ocrx_word' id='word_1_249' title='bbox 940 2625 985 2672; x_wconf 90' lang='lat' dir='ltr'>nbi</span> <span class='ocrx_word' id='word_1_250' title='bbox 994 2625 1082 2674; x_wconf 77' lang='lat' dir='ltr'>lucebis</span> <span class='ocrx_word' id='word_1_251' title='bbox 1090 2625 1219 2675; x_wconf 79' lang='lat' dir='ltr'>etdedueis</span> 
     </span>
     <span class='ocr_line' id='line_1_26' title="bbox 148 2705 1218 2771; baseline 0.001 -19"><span class='ocrx_word' id='word_1_252' title='bbox 148 2705 663 2754; x_wconf 73' lang='lat' dir='ltr'>eod.ltlatusmediumsulcnsds&#39;‹irscs&#39;ture·</span> <span class='ocrx_word' id='word_1_253' title='bbox 706 2707 837 2771; x_wconf 79' lang='lat' dir='ltr'>legendum</span> <span class='ocrx_word' id='word_1_254' title='bbox 860 2715 948 2769; x_wconf 69' lang='lat' dir='ltr'>puto.»</span> <span class='ocrx_word' id='word_1_255' title='bbox 972 2705 1021 2752; x_wconf 84' lang='lat' dir='ltr'>Pro</span> <span class='ocrx_word' id='word_1_256' title='bbox 1038 2716 1105 2755; x_wconf 87' lang='lat' dir='ltr'>certo</span> <span class='ocrx_word' id='word_1_257' title='bbox 1126 2707 1157 2753; x_wconf 92' lang='lat' dir='ltr'>iis</span> <span class='ocrx_word' id='word_1_258' title='bbox 1176 2722 1218 2754; x_wconf 90' lang='lat' dir='ltr'>sn·</span> 
     </span>
     <span class='ocr_line' id='line_1_27' title="bbox 147 2783 1219 2850; baseline 0.002 -20"><span class='ocrx_word' id='word_1_259' title='bbox 147 2799 219 2840; x_wconf 79' lang='lat' dir='ltr'>sarrs,</span> <span class='ocrx_word' id='word_1_260' title='bbox 229 2785 442 2850; x_wconf 84' lang='lat' dir='ltr'>qnodprobarunt</span> <span class='ocrx_word' id='word_1_261' title='bbox 449 2786 552 2850; x_wconf 80' lang='lat' dir='ltr'>Scaliger</span> <span class='ocrx_word' id='word_1_262' title='bbox 558 2785 660 2833; x_wconf 87' lang='lat' dir='ltr'>Emend.</span> <span class='ocrx_word' id='word_1_263' title='bbox 704 2785 793 2833; x_wconf 87' lang='lat' dir='ltr'>menda</span> <span class='ocrx_word' id='word_1_264' title='bbox 800 2783 927 2842; x_wconf 87' lang='lat' dir='ltr'>ridentur,</span> <span class='ocrx_word' id='word_1_265' title='bbox 940 2799 994 2846; x_wconf 78' lang='lat' dir='ltr'>quae</span> <span class='ocrx_word' id='word_1_266' title='bbox 1003 2783 1154 2832; x_wconf 79' lang='lat' dir='ltr'>dubitantius</span> <span class='ocrx_word' id='word_1_267' title='bbox 1162 2801 1219 2848; x_wconf 82' lang='lat' dir='ltr'>pro·</span> 
     </span>
     <span class='ocr_line' id='line_1_28' title="bbox 148 2862 1219 2928; baseline 0.001 -18"><span class='ocrx_word' id='word_1_268' title='bbox 148 2864 233 2928; x_wconf 84' lang='lat' dir='ltr'>Teanp.</span> <span class='ocrx_word' id='word_1_269' title='bbox 248 2865 292 2912; x_wconf 92' lang='lat' dir='ltr'>lib.</span> <span class='ocrx_word' id='word_1_270' title='bbox 306 2867 343 2925; x_wconf 82' lang='lat' dir='ltr'>V,</span> <span class='ocrx_word' id='word_1_271' title='bbox 355 2876 379 2912; x_wconf 91' lang='lat' dir='ltr'>et</span> <span class='ocrx_word' id='word_1_272' title='bbox 395 2866 520 2913; x_wconf 79' lang='lat' dir='ltr'>Ferrarius</span> <span class='ocrx_word' id='word_1_273' title='bbox 530 2865 606 2912; x_wconf 85' lang='lat' dir='ltr'>Eleot.</span> <span class='ocrx_word' id='word_1_274' title='bbox 619 2865 660 2924; x_wconf 87' lang='lat'>11,</span> <span class='ocrx_word' id='word_1_275' title='bbox 704 2865 832 2913; x_wconf 77' lang='lat' dir='ltr'>tuleritvir</span> <span class='ocrx_word' id='word_1_276' title='bbox 840 2879 948 2910; x_wconf 87' lang='lat' dir='ltr'>summus</span> <span class='ocrx_word' id='word_1_277' title='bbox 956 2872 981 2910; x_wconf 87' lang='lat' dir='ltr'>et</span> <span class='ocrx_word' id='word_1_278' title='bbox 987 2862 1120 2922; x_wconf 87' lang='lat' dir='ltr'>modestus,</span> <span class='ocrx_word' id='word_1_279' title='bbox 1132 2863 1219 2911; x_wconf 83' lang='lat' dir='ltr'>verba·</span> 
     </span>
     <span class='ocr_line' id='line_1_29' title="bbox 149 2941 1217 3008; baseline -0.002 -16"><span class='ocrx_word' id='word_1_280' title='bbox 149 2958 181 3002; x_wconf 70' lang='lat'>5.</span> <span class='ocrx_word' id='word_1_281' title='bbox 199 2945 240 3007; x_wconf 84' lang='lat' dir='ltr'>qni</span> <span class='ocrx_word' id='word_1_282' title='bbox 256 2961 344 2992; x_wconf 89' lang='lat' dir='ltr'>omnes</span> <span class='ocrx_word' id='word_1_283' title='bbox 360 2945 451 2992; x_wconf 73' lang='lat' dir='ltr'>misum</span> <span class='ocrx_word' id='word_1_284' title='bbox 471 2945 612 2992; x_wconf 80' lang='lat' dir='ltr'>lutellexere</span> <span class='ocrx_word' id='word_1_285' title='bbox 629 2942 660 2990; x_wconf 92' lang='lat' dir='ltr'>de</span> <span class='ocrx_word' id='word_1_286' title='bbox 704 2941 1031 3008; x_wconf 83' lang='lat' dir='ltr'>quepoetaesicexponeuda:</span> <span class='ocrx_word' id='word_1_287' title='bbox 1038 2943 1063 2989; x_wconf 90' lang='lat' dir='ltr'>Si</span> <span class='ocrx_word' id='word_1_288' title='bbox 1069 2941 1217 3006; x_wconf 78' lang='lat' dir='ltr'>Tigellinum</span> 
     </span>
     <span class='ocr_line' id='line_1_30' title="bbox 148 3019 1218 3088; baseline -0.002 -18"><span class='ocrx_word' id='word_1_289' title='bbox 148 3021 211 3070; x_wconf 82' lang='lat' dir='ltr'>iussa</span> <span class='ocrx_word' id='word_1_290' title='bbox 230 3025 256 3071; x_wconf 87' lang='lat' dir='ltr'>in</span> <span class='ocrx_word' id='word_1_291' title='bbox 270 3024 351 3074; x_wconf 85' lang='lat' dir='ltr'>media</span> <span class='ocrx_word' id='word_1_292' title='bbox 364 3040 449 3084; x_wconf 86' lang='lat' dir='ltr'>arens,</span> <span class='ocrx_word' id='word_1_293' title='bbox 465 3041 512 3088; x_wconf 87' lang='lat' dir='ltr'>qus</span> <span class='ocrx_word' id='word_1_294' title='bbox 527 3025 577 3072; x_wconf 84' lang='lat' dir='ltr'>vivi</span> <span class='ocrx_word' id='word_1_295' title='bbox 593 3039 661 3072; x_wconf 89' lang='lat' dir='ltr'>uon·</span> <span class='ocrx_word' id='word_1_296' title='bbox 705 3024 802 3071; x_wconf 82' lang='lat' dir='ltr'>famosis</span> <span class='ocrx_word' id='word_1_297' title='bbox 817 3019 967 3068; x_wconf 79' lang='lat' dir='ltr'>carminibus</span> <span class='ocrx_word' id='word_1_298' title='bbox 985 3021 1117 3081; x_wconf 78' lang='lat' dir='ltr'>notaveris,</span> <span class='ocrx_word' id='word_1_299' title='bbox 1135 3021 1218 3069; x_wconf 85' lang='lat' dir='ltr'>tunica</span> 
     </span>
     <span class='ocr_line' id='line_1_31' title="bbox 146 3100 1216 3166; baseline 0.002 -18"><span class='ocrx_word' id='word_1_300' title='bbox 146 3117 283 3166; x_wconf 77' lang='lat' dir='ltr'>unusquam</span> <span class='ocrx_word' id='word_1_301' title='bbox 299 3104 389 3152; x_wconf 78' lang='lat' dir='ltr'>defossi</span> <span class='ocrx_word' id='word_1_302' title='bbox 406 3105 457 3151; x_wconf 84' lang='lat' dir='ltr'>sint</span> <span class='ocrx_word' id='word_1_303' title='bbox 470 3114 493 3150; x_wconf 94' lang='lat' dir='ltr'>et</span> <span class='ocrx_word' id='word_1_304' title='bbox 509 3103 614 3152; x_wconf 82' lang='lat' dir='ltr'>cremati.</span> <span class='ocrx_word' id='word_1_305' title='bbox 625 3107 661 3151; x_wconf 89' lang='lat' dir='ltr'>Its</span> <span class='ocrx_word' id='word_1_306' title='bbox 704 3102 818 3150; x_wconf 88' lang='lat' dir='ltr'>indueris</span> <span class='ocrx_word' id='word_1_307' title='bbox 831 3100 946 3158; x_wconf 81' lang='lat' dir='ltr'>molesta,</span> <span class='ocrx_word' id='word_1_308' title='bbox 964 3100 1087 3164; x_wconf 84' lang='lat' dir='ltr'>stipesque</span> <span class='ocrx_word' id='word_1_309' title='bbox 1105 3119 1150 3165; x_wconf 90' lang='lat' dir='ltr'>per</span> <span class='ocrx_word' id='word_1_310' title='bbox 1165 3120 1216 3153; x_wconf 87' lang='lat' dir='ltr'>me-</span> 
     </span>
     <span class='ocr_line' id='line_1_32' title="bbox 146 3181 1217 3244; baseline 0.005 -18"><span class='ocrx_word' id='word_1_311' title='bbox 146 3191 169 3226; x_wconf 88' lang='lat' dir='ltr'>et</span> <span class='ocrx_word' id='word_1_312' title='bbox 186 3183 228 3228; x_wconf 85' lang='lat' dir='ltr'>Jo.</span> <span class='ocrx_word' id='word_1_313' title='bbox 250 3185 289 3230; x_wconf 79' lang='lat' dir='ltr'>ts.</span> <span class='ocrx_word' id='word_1_314' title='bbox 301 3183 455 3244; x_wconf 76' lang='lat' dir='ltr'>Gronovius,</span> <span class='ocrx_word' id='word_1_315' title='bbox 468 3183 511 3244; x_wconf 90' lang='lat' dir='ltr'>qui</span> <span class='ocrx_word' id='word_1_316' title='bbox 530 3192 610 3230; x_wconf 84' lang='lat' dir='ltr'>tamen</span> <span class='ocrx_word' id='word_1_317' title='bbox 629 3181 661 3230; x_wconf 87' lang='lat' dir='ltr'>ad</span> <span class='ocrx_word' id='word_1_318' title='bbox 706 3181 773 3229; x_wconf 86' lang='lat' dir='ltr'>dinus</span> <span class='ocrx_word' id='word_1_319' title='bbox 791 3190 876 3244; x_wconf 80' lang='lat' dir='ltr'>agetur</span> <span class='ocrx_word' id='word_1_320' title='bbox 890 3189 987 3243; x_wconf 81' lang='lat' dir='ltr'>guttur,</span> <span class='ocrx_word' id='word_1_321' title='bbox 999 3188 1023 3225; x_wconf 90' lang='lat' dir='ltr'>et</span> <span class='ocrx_word' id='word_1_322' title='bbox 1033 3194 1098 3226; x_wconf 85' lang='lat' dir='ltr'>unco</span> <span class='ocrx_word' id='word_1_323' title='bbox 1115 3182 1217 3231; x_wconf 88' lang='lat' dir='ltr'>traheris</span> 
     </span>
     <span class='ocr_line' id='line_1_33' title="bbox 145 3259 1216 3325; baseline 0.004 -19"><span class='ocrx_word' id='word_1_324' title='bbox 145 3261 203 3306; x_wconf 80' lang='lat' dir='ltr'>Seu.</span> <span class='ocrx_word' id='word_1_325' title='bbox 221 3260 238 3306; x_wconf 93' lang='lat' dir='ltr'>l.</span> <span class='ocrx_word' id='word_1_326' title='bbox 252 3260 270 3308; x_wconf 90' lang='lat' dir='ltr'>l.</span> <span class='ocrx_word' id='word_1_327' title='bbox 284 3277 315 3308; x_wconf 87' lang='lat' dir='ltr'>ex</span> <span class='ocrx_word' id='word_1_328' title='bbox 328 3263 396 3309; x_wconf 76' lang='lat' dir='ltr'>MSS.</span> <span class='ocrx_word' id='word_1_329' title='bbox 410 3261 519 3308; x_wconf 78' lang='lat' dir='ltr'>britann.</span> <span class='ocrx_word' id='word_1_330' title='bbox 536 3275 661 3324; x_wconf 87' lang='lat' dir='ltr'>reponeu-</span> <span class='ocrx_word' id='word_1_331' title='bbox 705 3277 750 3325; x_wconf 91' lang='lat' dir='ltr'>per</span> <span class='ocrx_word' id='word_1_332' title='bbox 768 3259 873 3307; x_wconf 87' lang='lat' dir='ltr'>mediam</span> <span class='ocrx_word' id='word_1_333' title='bbox 891 3273 997 3305; x_wconf 86' lang='lat' dir='ltr'>arenam.</span> <span class='ocrx_word' id='word_1_334' title='bbox 1012 3259 1123 3306; x_wconf 82' lang='lat' dir='ltr'>Fortasse</span> <span class='ocrx_word' id='word_1_335' title='bbox 1134 3271 1216 3310; x_wconf 88' lang='lat' dir='ltr'>tamen</span> 
     </span>
     <span class='ocr_line' id='line_1_34' title="bbox 146 3337 1217 3402; baseline 0.005 -17"><span class='ocrx_word' id='word_1_336' title='bbox 146 3337 206 3385; x_wconf 82' lang='lat' dir='ltr'>sium</span> <span class='ocrx_word' id='word_1_337' title='bbox 214 3339 331 3388; x_wconf 84' lang='lat' dir='ltr'>oeusebat</span> <span class='ocrx_word' id='word_1_338' title='bbox 341 3339 427 3387; x_wconf 80' lang='lat' dir='ltr'>lucebit</span> <span class='ocrx_word' id='word_1_339' title='bbox 432 3349 455 3386; x_wconf 88' lang='lat' dir='ltr'>et</span> <span class='ocrx_word' id='word_1_340' title='bbox 464 3339 572 3401; x_wconf 74' lang='lat' dir='ltr'>didisset,</span> <span class='ocrx_word' id='word_1_341' title='bbox 580 3339 662 3387; x_wconf 83' lang='lat' dir='ltr'>rerba&#39;·</span> <span class='ocrx_word' id='word_1_342' title='bbox 705 3356 757 3387; x_wconf 91' lang='lat' dir='ltr'>uon</span> <span class='ocrx_word' id='word_1_343' title='bbox 778 3339 893 3395; x_wconf 85' lang='lat' dir='ltr'>deerant,</span> <span class='ocrx_word' id='word_1_344' title='bbox 903 3337 947 3400; x_wconf 89' lang='lat' dir='ltr'>qui</span> <span class='ocrx_word' id='word_1_345' title='bbox 964 3337 1078 3384; x_wconf 88' lang='lat' dir='ltr'>dubitent</span> <span class='ocrx_word' id='word_1_346' title='bbox 1093 3339 1217 3402; x_wconf 88' lang='lat' dir='ltr'>primum,</span> 
     </span>
     <span class='ocr_line' id='line_1_35' title="bbox 147 3417 1216 3484; baseline 0.003 -18"><span class='ocrx_word' id='word_1_347' title='bbox 147 3417 660 3482; x_wconf 77' lang='lat' dir='ltr'>qnepoetaeboeseusueapiebst:FaeLu·</span> <span class='ocrx_word' id='word_1_348' title='bbox 705 3421 814 3483; x_wconf 86' lang='lat' dir='ltr'>exempla</span> <span class='ocrx_word' id='word_1_349' title='bbox 840 3418 941 3482; x_wconf 87' lang='lat' dir='ltr'>reperiri</span> <span class='ocrx_word' id='word_1_350' title='bbox 961 3417 1090 3477; x_wconf 88' lang='lat' dir='ltr'>bominis,</span> <span class='ocrx_word' id='word_1_351' title='bbox 1111 3430 1216 3484; x_wconf 90' lang='lat' dir='ltr'>utroque</span> 
     </span>
     <span class='ocr_line' id='line_1_36' title="bbox 146 3497 1217 3564; baseline 0.007 -20"><span class='ocrx_word' id='word_1_352' title='bbox 146 3499 231 3545; x_wconf 86' lang='lat' dir='ltr'>eilimn</span> <span class='ocrx_word' id='word_1_353' title='bbox 242 3499 392 3547; x_wconf 73' lang='lat' dir='ltr'>vixissem</span> <span class='ocrx_word' id='word_1_354' title='bbox 401 3499 507 3547; x_wconf 84' lang='lat' dir='ltr'>Neronis</span> <span class='ocrx_word' id='word_1_355' title='bbox 515 3510 590 3564; x_wconf 89' lang='lat' dir='ltr'>etpro</span> <span class='ocrx_word' id='word_1_356' title='bbox 600 3501 659 3547; x_wconf 84' lang='lat' dir='ltr'>Mu·</span> <span class='ocrx_word' id='word_1_357' title='bbox 704 3499 825 3563; x_wconf 88' lang='lat' dir='ltr'>supplicio</span> <span class='ocrx_word' id='word_1_358' title='bbox 845 3497 940 3555; x_wconf 81' lang='lat' dir='ltr'>affecti,</span> <span class='ocrx_word' id='word_1_359' title='bbox 957 3507 981 3545; x_wconf 93' lang='lat' dir='ltr'>et</span> <span class='ocrx_word' id='word_1_360' title='bbox 998 3499 1132 3546; x_wconf 73' lang='lat' dir='ltr'>satisfacere</span> <span class='ocrx_word' id='word_1_361' title='bbox 1152 3502 1217 3551; x_wconf 86' lang='lat' dir='ltr'>bane</span> 
     </span>
     <span class='ocr_line' id='line_1_37' title="bbox 147 3577 1216 3643; baseline 0.004 -18"><span class='ocrx_word' id='word_1_362' title='bbox 147 3580 185 3625; x_wconf 80' lang='lat' dir='ltr'>sio</span> <span class='ocrx_word' id='word_1_363' title='bbox 196 3579 308 3641; x_wconf 81' lang='lat' dir='ltr'>posuisse</span> <span class='ocrx_word' id='word_1_364' title='bbox 319 3579 479 3643; x_wconf 68' lang='lat' dir='ltr'>Tigellinum</span> <span class='ocrx_word' id='word_1_365' title='bbox 490 3577 554 3626; x_wconf 90' lang='lat' dir='ltr'>nibil</span> <span class='ocrx_word' id='word_1_366' title='bbox 568 3578 659 3626; x_wconf 88' lang='lat' dir='ltr'>certius</span> <span class='ocrx_word' id='word_1_367' title='bbox 703 3579 789 3628; x_wconf 84' lang='lat' dir='ltr'>Heinr.</span> <span class='ocrx_word' id='word_1_368' title='bbox 803 3577 985 3626; x_wconf 83' lang='lat' dir='ltr'>annotationem</span> <span class='ocrx_word' id='word_1_369' title='bbox 996 3592 1024 3625; x_wconf 69' lang='lat' dir='ltr'>:u</span> <span class='ocrx_word' id='word_1_370' title='bbox 1034 3578 1117 3626; x_wconf 80' lang='lat' dir='ltr'>forsan</span> <span class='ocrx_word' id='word_1_371' title='bbox 1127 3583 1216 3630; x_wconf 86' lang='lat' dir='ltr'>rectius</span> 
     </span>
     <span class='ocr_line' id='line_1_38' title="bbox 146 3656 1214 3724; baseline 0.003 -21"><span class='ocrx_word' id='word_1_372' title='bbox 146 3658 198 3704; x_wconf 85' lang='lat' dir='ltr'>iore</span> <span class='ocrx_word' id='word_1_373' title='bbox 213 3657 337 3720; x_wconf 84' lang='lat' dir='ltr'>spondeo,</span> <span class='ocrx_word' id='word_1_374' title='bbox 351 3674 423 3722; x_wconf 84' lang='lat' dir='ltr'>quam</span> <span class='ocrx_word' id='word_1_375' title='bbox 439 3668 466 3704; x_wconf 90' lang='lat' dir='ltr'>ut</span> <span class='ocrx_word' id='word_1_376' title='bbox 480 3657 558 3704; x_wconf 87' lang='lat' dir='ltr'>ineest</span> <span class='ocrx_word' id='word_1_377' title='bbox 575 3657 602 3703; x_wconf 86' lang='lat' dir='ltr'>ia</span> <span class='ocrx_word' id='word_1_378' title='bbox 617 3657 658 3704; x_wconf 86' lang='lat' dir='ltr'>ills</span> <span class='ocrx_word' id='word_1_379' title='bbox 702 3659 789 3722; x_wconf 81' lang='lat' dir='ltr'>legitur</span> <span class='ocrx_word' id='word_1_380' title='bbox 805 3660 854 3704; x_wconf 81' lang='lat' dir='ltr'>Aut</span> <span class='ocrx_word' id='word_1_381' title='bbox 871 3656 961 3716; x_wconf 82' lang='lat' dir='ltr'>latum,</span> <span class='ocrx_word' id='word_1_382' title='bbox 977 3666 1033 3717; x_wconf 75' lang='lat' dir='ltr'>ete,</span> <span class='ocrx_word' id='word_1_383' title='bbox 1050 3659 1145 3706; x_wconf 85' lang='lat' dir='ltr'>nisiex</span> <span class='ocrx_word' id='word_1_384' title='bbox 1162 3661 1214 3724; x_wconf 79' lang='lat' dir='ltr'>ipss</span> 
     </span>
     <span class='ocr_line' id='line_1_39' title="bbox 145 3736 1216 3802; baseline 0.004 -18"><span class='ocrx_word' id='word_1_385' title='bbox 145 3737 207 3784; x_wconf 75' lang='lat' dir='ltr'>tzela</span> <span class='ocrx_word' id='word_1_386' title='bbox 227 3736 335 3784; x_wconf 73' lang='lat' dir='ltr'>molestas</span> <span class='ocrx_word' id='word_1_387' title='bbox 352 3737 456 3796; x_wconf 68' lang='lat' dir='ltr'>tnnioe,</span> <span class='ocrx_word' id='word_1_388' title='bbox 474 3747 497 3784; x_wconf 92' lang='lat' dir='ltr'>et</span> <span class='ocrx_word' id='word_1_389' title='bbox 510 3736 620 3783; x_wconf 81' lang='lat' dir='ltr'>defossus</span> <span class='ocrx_word' id='word_1_390' title='bbox 631 3737 659 3783; x_wconf 92' lang='lat' dir='ltr'>iu</span> <span class='ocrx_word' id='word_1_391' title='bbox 703 3739 769 3802; x_wconf 86' lang='lat' dir='ltr'>apud</span> <span class='ocrx_word' id='word_1_392' title='bbox 787 3737 893 3784; x_wconf 83' lang='lat' dir='ltr'>Pliqum</span> <span class='ocrx_word' id='word_1_393' title='bbox 913 3738 1027 3797; x_wconf 88' lang='lat' dir='ltr'>junctura</span> <span class='ocrx_word' id='word_1_394' title='bbox 1049 3737 1172 3800; x_wconf 85' lang='lat' dir='ltr'>vulgatum</span> <span class='ocrx_word' id='word_1_395' title='bbox 1194 3752 1216 3788; x_wconf 85' lang='lat' dir='ltr'>et</span> 
     </span>
     <span class='ocr_line' id='line_1_40' title="bbox 145 3813 1215 3881; baseline 0.001 -19"><span class='ocrx_word' id='word_1_396' title='bbox 145 3815 227 3863; x_wconf 81' lang='lat' dir='ltr'>stedia</span> <span class='ocrx_word' id='word_1_397' title='bbox 245 3831 324 3862; x_wconf 78' lang='lat' dir='ltr'>utem</span> <span class='ocrx_word' id='word_1_398' title='bbox 341 3815 435 3863; x_wconf 84' lang='lat' dir='ltr'>sulcum</span> <span class='ocrx_word' id='word_1_399' title='bbox 453 3815 526 3862; x_wconf 81' lang='lat' dir='ltr'>lutum</span> <span class='ocrx_word' id='word_1_400' title='bbox 541 3813 655 3872; x_wconf 72' lang='lat' dir='ltr'>didrseat,</span> <span class='ocrx_word' id='word_1_401' title='bbox 703 3817 767 3866; x_wconf 89' lang='lat' dir='ltr'>tueri</span> <span class='ocrx_word' id='word_1_402' title='bbox 785 3817 871 3880; x_wconf 84' lang='lat' dir='ltr'>aliquis</span> <span class='ocrx_word' id='word_1_403' title='bbox 885 3817 957 3874; x_wconf 85' lang='lat' dir='ltr'>velit;</span> <span class='ocrx_word' id='word_1_404' title='bbox 969 3839 981 3857; x_wconf 73' lang='grc' dir='ltr'>»ι</span> <span class='ocrx_word' id='word_1_405' title='bbox 998 3815 1104 3876; x_wconf 87' lang='lat' dir='ltr'>deiude,</span> <span class='ocrx_word' id='word_1_406' title='bbox 1118 3831 1215 3881; x_wconf 78' lang='lat' dir='ltr'>poetam</span> 
     </span>
     <span class='ocr_line' id='line_1_41' title="bbox 142 3883 1214 3959; baseline 0.007 -18"><span class='ocrx_word' id='word_1_407' title='bbox 142 3895 248 3942; x_wconf 85' lang='lat' dir='ltr'>mediam</span> <span class='ocrx_word' id='word_1_408' title='bbox 264 3909 362 3942; x_wconf 73' lang='lat' dir='ltr'>uenam</span> <span class='ocrx_word' id='word_1_409' title='bbox 381 3893 450 3941; x_wconf 86' lang='lat' dir='ltr'>sulco</span> <span class='ocrx_word' id='word_1_410' title='bbox 466 3895 557 3957; x_wconf 85' lang='lat' dir='ltr'>aperiat</span> <span class='ocrx_word' id='word_1_411' title='bbox 577 3909 604 3941; x_wconf 87' lang='lat' dir='ltr'>ao</span> <span class='ocrx_word' id='word_1_412' title='bbox 621 3893 659 3940; x_wconf 90' lang='lat' dir='ltr'>di·</span> <span class='ocrx_word' id='word_1_413' title='bbox 704 3898 735 3945; x_wconf 90' lang='lat' dir='ltr'>de</span> <span class='ocrx_word' id='word_1_414' title='bbox 747 3883 864 3956; x_wconf 74' lang='lat' dir='ltr'>bomine,</span> <span class='ocrx_word' id='word_1_415' title='bbox 880 3897 923 3959; x_wconf 90' lang='lat' dir='ltr'>qui</span> <span class='ocrx_word' id='word_1_416' title='bbox 939 3909 1004 3942; x_wconf 88' lang='lat' dir='ltr'>unco</span> <span class='ocrx_word' id='word_1_417' title='bbox 1020 3910 1064 3958; x_wconf 87' lang='lat' dir='ltr'>per</span> <span class='ocrx_word' id='word_1_418' title='bbox 1082 3895 1132 3944; x_wconf 87' lang='lat' dir='ltr'>vias</span> <span class='ocrx_word' id='word_1_419' title='bbox 1145 3899 1214 3948; x_wconf 87' lang='lat' dir='ltr'>urbis</span> 
     </span>
     <span class='ocr_line' id='line_1_42' title="bbox 142 3974 1212 4042; baseline 0.006 -20"><span class='ocrx_word' id='word_1_420' title='bbox 142 3975 217 4022; x_wconf 79' lang='lat' dir='ltr'>sidat.</span> <span class='ocrx_word' id='word_1_421' title='bbox 228 3975 355 4022; x_wconf 69' lang='lat' dir='ltr'>lectiones</span> <span class='ocrx_word' id='word_1_422' title='bbox 365 3975 413 4021; x_wconf 78' lang='lat' dir='ltr'>illae</span> <span class='ocrx_word' id='word_1_423' title='bbox 422 3975 503 4020; x_wconf 90' lang='lat' dir='ltr'>minus</span> <span class='ocrx_word' id='word_1_424' title='bbox 511 3974 590 4021; x_wconf 85' lang='lat' dir='ltr'>lorsan</span> <span class='ocrx_word' id='word_1_425' title='bbox 599 3989 657 4038; x_wconf 88' lang='lat' dir='ltr'>pro·</span> <span class='ocrx_word' id='word_1_426' title='bbox 685 4026 693 4042; x_wconf 44' lang='lat'><strong><em>¹</em></strong></span> <span class='ocrx_word' id='word_1_427' title='bbox 702 3976 823 4032; x_wconf 86' lang='lat' dir='ltr'>trabatur,</span> <span class='ocrx_word' id='word_1_428' title='bbox 837 3975 900 4023; x_wconf 88' lang='lat' dir='ltr'>bene</span> <span class='ocrx_word' id='word_1_429' title='bbox 915 3974 1006 4022; x_wconf 85' lang='lat' dir='ltr'>dixisse</span> <span class='ocrx_word' id='word_1_430' title='bbox 1015 3974 1113 4022; x_wconf 81' lang='lat' dir='ltr'>deducis</span> <span class='ocrx_word' id='word_1_431' title='bbox 1122 3978 1212 4028; x_wconf 84' lang='lat' dir='ltr'>sulcum</span> 
     </span>
     <span class='ocr_line' id='line_1_43' title="bbox 143 4053 1215 4119; baseline 0.003 -17"><span class='ocrx_word' id='word_1_432' title='bbox 143 4055 281 4116; x_wconf 86' lang='lat' dir='ltr'>babnntur,</span> <span class='ocrx_word' id='word_1_433' title='bbox 298 4071 373 4119; x_wconf 77' lang='lat' dir='ltr'>qua·</span> <span class='ocrx_word' id='word_1_434' title='bbox 389 4055 557 4118; x_wconf 85' lang='lat' dir='ltr'>interpretatio</span> <span class='ocrx_word' id='word_1_435' title='bbox 571 4054 657 4102; x_wconf 84' lang='lat' dir='ltr'>verbo-</span> <span class='ocrx_word' id='word_1_436' title='bbox 701 4073 790 4114; x_wconf 70' lang='lat' dir='ltr'>unua,</span> <span class='ocrx_word' id='word_1_437' title='bbox 804 4065 827 4101; x_wconf 91' lang='lat' dir='ltr'>et</span> <span class='ocrx_word' id='word_1_438' title='bbox 838 4053 920 4101; x_wconf 82' lang='lat' dir='ltr'>media</span> <span class='ocrx_word' id='word_1_439' title='bbox 930 4069 1023 4110; x_wconf 66' lang='lat' dir='ltr'>arem</span> <span class='ocrx_word' id='word_1_440' title='bbox 1035 4053 1151 4118; x_wconf 85' lang='lat' dir='ltr'>denique,</span> <span class='ocrx_word' id='word_1_441' title='bbox 1163 4075 1215 4108; x_wconf 86' lang='lat' dir='ltr'>ns·</span> 
     </span>
     <span class='ocr_line' id='line_1_44' title="bbox 143 4133 1212 4201; baseline -0.003 -19"><span class='ocrx_word' id='word_1_442' title='bbox 143 4151 198 4182; x_wconf 88' lang='lat' dir='ltr'>rum</span> <span class='ocrx_word' id='word_1_443' title='bbox 212 4135 304 4182; x_wconf 83' lang='lat' dir='ltr'>sulcum</span> <span class='ocrx_word' id='word_1_444' title='bbox 316 4135 426 4192; x_wconf 82' lang='lat' dir='ltr'>diducit,·</span> <span class='ocrx_word' id='word_1_445' title='bbox 439 4144 463 4182; x_wconf 90' lang='lat' dir='ltr'>et</span> <span class='ocrx_word' id='word_1_446' title='bbox 475 4134 538 4182; x_wconf 87' lang='lat' dir='ltr'>hane</span> <span class='ocrx_word' id='word_1_447' title='bbox 552 4133 656 4193; x_wconf 80' lang='lat' dir='ltr'>adscivi,</span> <span class='ocrx_word' id='word_1_448' title='bbox 701 4151 774 4201; x_wconf 79' lang='lat' dir='ltr'>gnam</span> <span class='ocrx_word' id='word_1_449' title='bbox 787 4136 865 4183; x_wconf 90' lang='lat' dir='ltr'>inesse</span> <span class='ocrx_word' id='word_1_450' title='bbox 876 4134 924 4181; x_wconf 86' lang='lat' dir='ltr'>vim</span> <span class='ocrx_word' id='word_1_451' title='bbox 935 4136 962 4182; x_wconf 89' lang='lat' dir='ltr'>in</span> <span class='ocrx_word' id='word_1_452' title='bbox 972 4133 1029 4182; x_wconf 87' lang='lat' dir='ltr'>loco</span> <span class='ocrx_word' id='word_1_453' title='bbox 1043 4134 1131 4194; x_wconf 84' lang='lat' dir='ltr'>Plinii,</span> <span class='ocrx_word' id='word_1_454' title='bbox 1145 4139 1212 4198; x_wconf 86' lang='lat' dir='ltr'>ejus.</span> 
     </span>
     <span class='ocr_line' id='line_1_45' title="bbox 141 4213 1215 4282; baseline 0.003 -19"><span class='ocrx_word' id='word_1_455' title='bbox 141 4215 198 4282; x_wconf 79' lang='lat' dir='ltr'>quia</span> <span class='ocrx_word' id='word_1_456' title='bbox 212 4231 271 4263; x_wconf 80' lang='lat' dir='ltr'>cunr</span> <span class='ocrx_word' id='word_1_457' title='bbox 281 4216 343 4264; x_wconf 83' lang='lat' dir='ltr'>viris</span> <span class='ocrx_word' id='word_1_458' title='bbox 354 4214 441 4278; x_wconf 85' lang='lat' dir='ltr'>magni</span> <span class='ocrx_word' id='word_1_459' title='bbox 459 4214 567 4262; x_wconf 88' lang='lat' dir='ltr'>nominis</span> <span class='ocrx_word' id='word_1_460' title='bbox 578 4228 657 4261; x_wconf 87' lang='lat' dir='ltr'>errare</span> <span class='ocrx_word' id='word_1_461' title='bbox 702 4231 749 4278; x_wconf 89' lang='lat' dir='ltr'>que</span> <span class='ocrx_word' id='word_1_462' title='bbox 763 4230 897 4262; x_wconf 85' lang='lat' dir='ltr'>memorem</span> <span class='ocrx_word' id='word_1_463' title='bbox 907 4225 958 4264; x_wconf 89' lang='lat' dir='ltr'>tum</span> <span class='ocrx_word' id='word_1_464' title='bbox 973 4213 1046 4262; x_wconf 84' lang='lat' dir='ltr'>inisse</span> <span class='ocrx_word' id='word_1_465' title='bbox 1059 4216 1215 4272; x_wconf 70' lang='lat' dir='ltr'>Iuvenalem,</span> 
     </span>
    </p>
   </div>
   <div class='ocr_carea' id='block_1_11' title="bbox 0 0 1578 4990">
    <p class='ocr_par' dir='ltr' id='par_1_11' title="bbox 0 0 1578 4990">
     <span class='ocr_line' id='line_1_46' title="bbox 0 0 1578 4990; baseline 0 0"><span class='ocrx_word' id='word_1_466' title='bbox 0 0 1578 4990; x_wconf 95' lang='lat' dir='ltr'> </span> 
     </span>
    </p>
   </div>
  </div>
 </body>
</html>
