3148 4990
309 417 349 482 16
521 363 524 370 ⁴
578 413 1096 483 n.ruu111uvunsn1s

305 531 426 604 Nullus
439 531 509 626 jam
525 529 690 626 parasitus
706 525 784 598 erit!
802 529 861 600 sed
877 531 953 625 quis
969 530 1054 602 ferat
1069 533 1147 602 istas

304 642 461 711 Luxuria
477 639 613 709 sordes?
628 653 753 733 quanta
769 654 819 708 est
835 637 929 734 gula,
946 664 1021 735 qua
1037 642 1103 712 sibi
1121 655 1209 712 totos
1323 657 1374 715 ¹40

304 753 405 822 Ponit
419 775 535 845 apros,
552 747 673 819 animal
689 764 829 845 propter
845 751 1003 820 convivia
1018 748 1149 820 natum!

304 865 408 932 Poena
423 877 535 930 tamen
552 884 715 956 praesens,
731 885 835 954 quum
851 875 889 929 tu
905 860 1045 963 deponis
1060 862 1201 932 amictus

304 971 490 1067 Turgidus,
506 985 541 1038 et
556 970 697 1039 crudum
714 994 881 1065 pavonem
898 970 934 1038 in
949 959 1068 1040 balnea
1082 987 1206 1066 portas.

303 1084 394 1152 Hinc
408 1080 525 1152 subitae
541 1095 684 1167 mortes,
700 1095 800 1174 atque
816 1080 973 1149 intestata
987 1096 1151 1152 senectus.

303 1195 337 1261 It
352 1216 456 1278 nova,
473 1215 537 1260 nec
553 1189 674 1277 tristis,
692 1214 753 1286 per
769 1203 907 1259 cunctas
923 1188 1034 1258 fabula
1049 1214 1159 1259 coenas
1173 1215 1182 1258 t
1323 1197 1373 1263 14⁵

302 1303 448 1371 Ducitur
464 1301 556 1369 iratis
573 1299 801 1395 plaudendum
817 1299 917 1370 funus
933 1299 1057 1370 amicis.

352 1411 410 1482 Nil
426 1411 491 1480 erit
506 1409 665 1496 ulterius,
682 1409 773 1505 quod
789 1408 911 1477 nostris
927 1409 1076 1478 moribus
1091 1409 1192 1479 addat

303 1521 483 1592 Posteritas
498 1546 506 1588 τ
523 1520 641 1589 eadem
657 1519 798 1616 cupient
814 1518 1005 1612 facientque
1021 1520 1178 1588 minores.

303 1631 414 1700 Omne
431 1630 466 1697 in
483 1629 651 1723 praecipiti
668 1630 787 1698 vitium
802 1628 894 1696 stetit
911 1653 918 1696 :
935 1643 1032 1696 utere
1048 1628 1153 1716 velis;

303 1741 406 1807 Totos
422 1736 532 1832 pande
549 1736 651 1804 sinus.
667 1733 767 1804 Dicas
783 1734 841 1804 hic
856 1733 1012 1822 forsitan,
1029 1735 1120 1805 unde
1323 1749 1374 1801 150

304 1848 485 1944 Ingenium
501 1869 563 1941 par
578 1843 748 1914 materiae?
762 1845 852 1914 unde
869 1844 924 1914 illa
940 1846 1095 1941 priorum

303 1957 499 2043 Scribendi,
515 1955 752 2051 quodcumque
768 1955 882 2024 animo
899 1955 1061 2051 flagrante
1077 1955 1215 2044 liberet,

305 2067 527 2162 Simplicitas,
544 2065 640 2162 cujus
656 2088 726 2134 non
742 2064 849 2134 audeo
865 2063 979 2136 dicere
995 2063 1142 2134 nomen?

303 2237 425 2308 liabem3
435 2237 466 2292 in
477 2255 534 2312 qua
548 2245 642 2291 umen
651 2253 709 2291 una
717 2234 838 2309 dapibus
853 2233 998 2292 oneranda
1007 2245 1102 2292 tantos
1111 2236 1218 2292 faciunt
1226 2247 1371 2311 sumptus,

303 2341 337 2387 ut
358 2331 470 2406 integra
488 2327 660 2404 patrimonia
675 2327 843 2383 absumant:
860 2326 956 2401 itaque
971 2346 1057 2385 nemo
1067 2328 1126 2402 jam
1139 2328 1277 2404 parasitus
1288 2347 1374 2404 repe—

303 2422 405 2480 rietur.
417 2425 456 2477 At
465 2421 529 2496 quis
543 2431 601 2477 tam
611 2419 781 2490 immanem,
794 2429 851 2474 tam
862 2417 1007 2474 sordidam
1016 2418 1173 2495 ingluviem
1185 2438 1267 2494 aquo
1275 2419 1372 2476 animo

305 2517 381 2575 ierne
392 2514 502 2590 possit?
517 2513 597 2586 cujus
608 2512 724 2568 demum
736 2510 962 2585 intemperantia
973 2521 1031 2583 est,
1046 2531 1146 2586 aprum
1162 2513 1306 2587 integrum
1324 2531 1374 2587 ap-
1441 2511 1443 2516 ’

305 2625 415 2684 ponere
429 2605 481 2661 uni
496 2603 622 2674 bomini,
638 2623 754 2678 aprum,
776 2603 906 2678 inquam,
921 2603 987 2660 ideo
1004 2613 1118 2674 natum,
1135 2616 1167 2660 ut
1182 2605 1259 2661 inter
1275 2605 1372 2678 plures

306 2698 441 2757 convivas
451 2695 536 2752 simul
548 2696 695 2770 epulantes
704 2693 850 2750 dividatur
858 2694 870 2749 i
879 2713 932 2751 nec
941 2695 1061 2751 inultam
1070 2697 1142 2752 hanc
1151 2695 1200 2752 diu
1213 2706 1306 2751 tamen
1316 2715 1372 2771 gn-

304 2795 361 2850 lam
370 2791 440 2862 lers;
451 2789 561 2846 debitas
570 2788 709 2844 continuo
718 2805 815 2861 poenas
824 2786 975 2860 dependis,
986 2807 1075 2862 quum
1084 2787 1150 2844 cibo
1161 2798 1280 2844 onustus
1291 2788 1372 2844 exuis

304 2893 430 2952 vestem,
446 2892 479 2938 ut
493 2880 627 2936 balrieum
640 2891 738 2952 petas,
756 2878 879 2936 necdum
903 2878 1014 2955 digesto
1031 2897 1159 2954 pavone,
1179 2897 1265 2954 quem
1287 2879 1373 2936 aride

305 2972 423 3032 vorasti.
434 2975 477 3029 Ex
488 2972 537 3028 illa
547 2970 681 3028 videlicet
691 2971 846 3039 stomachi,
858 2982 903 3027 tot
913 2972 993 3029 cibos
1004 2972 1079 3028 lerre
1090 2981 1119 3028 et
1130 2989 1256 3045 coquere
1266 2989 1374 3048 negan-

304 3068 357 3139 tis,
376 3066 533 3135 cruditate,
552 3066 686 3121 oriamur
700 3076 808 3120 mortes
826 3066 981 3140 repentina
993 3068 1167 3134 multorum,
1182 3085 1215 3123 ac
1230 3066 1373 3142 precipue

305 3178 417 3227 senum,
435 3157 485 3231 qui
502 3157 645 3212 tolluntur
661 3156 783 3212 emedio
797 3169 863 3214 ante
876 3159 1025 3216 conditum
1040 3170 1248 3229 testamentum.
1264 3159 1373 3214 Recens

305 3272 338 3309 ac
354 3250 465 3308 subitus
482 3267 584 3305 rumor
607 3248 725 3323 alicujus
744 3250 910 3324 hujusmodi
925 3251 1027 3307 mortis
1050 3269 1102 3324 per
1122 3250 1218 3308 omnia
1240 3236 1373 3307 convivia

305 3343 464 3415 domosque
476 3341 636 3416 spargitur,
650 3341 831 3412 bominibus,
849 3341 887 3397 ad
901 3342 944 3398 rei
959 3341 1134 3409 novitatem,
1147 3353 1181 3396 ut
1197 3341 1235 3397 ad
1249 3341 1373 3396 monstri

303 3434 463 3508 fabulaque
481 3433 689 3503 narrationem,
709 3433 930 3503 demirantibus,
944 3453 997 3490 uec
1014 3444 1109 3490 tamen
1130 3433 1214 3489 valde
1237 3432 1374 3510 ingemis-

305 3526 436 3583 centibus
454 3525 493 3580 ob
511 3535 634 3581 mortem
650 3525 730 3580 arari
749 3526 844 3581 senis:
862 3524 982 3581 effertur
995 3525 1030 3581 ad
1050 3543 1154 3600 rogum
1173 3535 1321 3594 mortuus,
1336 3527 1373 3582 ab

303 3619 400 3677 amicis
414 3617 493 3673 iratis
506 3628 536 3673 et
546 3617 711 3673 dolentibus
724 3616 795 3673 nibil
807 3617 861 3674 sibi
870 3626 1038 3673 testamento
1051 3616 1181 3674 relictum
1194 3634 1267 3687 esse;
1283 3616 1373 3674 immo

303 3709 507 3787 plaudentibus
521 3719 550 3765 et
562 3698 767 3784 gaudenlibus,
786 3709 866 3784 quod
880 3727 982 3765 avarus
999 3710 1097 3766 helluo
1114 3711 1188 3765 male
1204 3709 1333 3784 perierit.

348 3801 778 3877 147.Nit1ilhabebuntposteri‚
789 3821 848 3876 quo
857 3821 953 3858 mores
962 3813 1077 3859 nostros
1086 3821 1118 3860 ac
1127 3801 1233 3860 scelera
1241 3803 1372 3860 vincant:

302 3893 404 3952 iisdem
416 3896 501 3970 plane
513 3893 716 3968 cupiditatibus
727 3893 861 3969 vitiisque
871 3895 1052 3952 laborabunt.
1067 3898 1116 3952 Ad
1126 3913 1268 3951 summum
1280 3897 1375 3951 omnis

302 3986 441 4060 nequitae
449 3987 590 4041 venimus.
604 3985 706 4042 Nullus
720 3985 816 4059 itaque
825 3985 929 4041 modus
937 3985 1029 4042 satirae
1041 3987 1093 4058 sit;
1106 3985 1134 4041 in
1145 3986 1234 4042 altum
1246 3986 1374 4060 patentia

301 4079 366 4134 vela
381 4077 490 4134 demus.
504 4078 600 4152 Roget
615 4076 678 4152 quis
683 4120 692 4150 ,
706 4097 742 4134 an
759 4076 813 4133 tibi
825 4077 891 4133 satis
907 4087 949 4134 est
964 4077 1073 4155 ingenii
1085 4097 1140 4152 pro
1155 4089 1213 4134 mm
1226 4079 1323 4153 amplo
1338 4097 1372 4134 ac

302 4168 413 4229 difficili
428 4170 619 4246 argumento?
633 4181 712 4234 estne
726 4171 790 4248 illa,
804 4189 867 4250 que
881 4170 982 4256 priscis
997 4171 1111 4230 vatibus
1126 4171 1241 4246 aderat,
1255 4159 1373 4228 faculas
