3122 4986
404 374 457 440 m
480 375 709 440 sarman
732 375 972 444 ocrsvsu.
1155 383 1218 474 657

157 481 228 536 fama
248 485 387 558 superbire
406 499 433 540 et
453 488 643 548 intumescere,
664 485 738 558 quod
756 488 889 541 Neronem
907 491 1090 563 propinquum
1107 493 1217 550 babeat.

156 566 242 618 Immo
251 566 293 620 illi
301 568 391 652 potius
400 568 500 640 pudori
509 583 535 624 et
544 568 671 623 dedecori
680 589 736 623 esse
747 569 871 634 deberet,
885 571 1029 627 aitLubin.
1038 577 1220 650 propinquum

155 645 256 701 habere
267 649 404 704 crudelem
416 663 442 704 et
454 664 616 724 tyrannum,
636 667 662 707 et
675 654 767 725 patria
777 654 892 707 hostem.
904 655 956 707 En.
970 685 1005 697 —
1017 657 1058 710 De
1068 677 1123 730 quo
1136 663 1220 733 magis

156 727 251 788 debuit
260 734 426 797 erubescam
441 747 493 788 ret.
506 736 598 788 Schol.
690 797 692 804 .

192 827 263 880 Nor.
282 847 324 898 7²·
344 833 446 882 Plenum
459 832 558 906 Nerone
567 833 710 900 propinquo,
726 832 773 902 qni
785 851 889 904 semper
902 833 931 884 in
944 846 1031 888 mente
1044 847 1071 888 et
1084 857 1129 891 ore
1141 839 1223 895 habet

156 911 386 982 propinquitatem
395 913 578 985 Imperatoris,
588 932 646 986 quse
655 914 708 984 ipsi
719 915 803 985 magis
811 914 983 993 tacendam,
995 934 1076 988 quam
1082 922 1220 992 jactanda.

158 991 237 1046 conl.
248 993 282 1047 ad
292 1015 333 1049 vs.
345 998 379 1066 39
389 1015 444 1068 seq.
456 995 527 1050 etad
539 997 586 1051 Sil.
597 998 625 1062 I,
637 997 687 1060 345
698 998 817 1066 (nameus
829 1000 940 1050 medullis
954 1003 1106 1071 Hannibal).

192 1166 259 1214 Vsa.
279 1169 320 1228 73.
338 1172 424 1215 Sensus
425 1167 522 1232 ferme,
540 1171 579 1228 15,
591 1170 633 1217 23.

192 1258 261 1310 Nor.
282 1259 322 1328 73.
340 1258 454 1321 uuerbe,
472 1259 519 1312 sed
535 1277 605 1314 rere.
627 1265 727 1310 Sensum
742 1278 893 1310 communem
911 1258 1088 1313 Casaubouus
1103 1261 1139 1315 ad
1153 1264 1225 1319 Suet.

160 1338 255 1394 Claud.
272 1359 314 1402 ar,
328 1342 453 1414 capiebat
464 1341 498 1396 de
511 1343 651 1407 comitate,
663 1341 706 1394 rel
717 1340 861 1402 civilitate,
876 1359 935 1412 qna
945 1345 1106 1398 convenient
1118 1347 1228 1411 altrivi,

160 1443 214 1497 qua
221 1425 286 1479 civis
300 1425 346 1486 sit,
357 1437 384 1477 et
394 1444 453 1497 qua
464 1426 536 1478 Suet.
546 1425 602 1478 Tit.
614 1425 640 1490 8,
647 1426 804 1492 popularitas
809 1443 821 1484 ,¹
834 1423 941 1476 Platoni
951 1427 1075 1489 πολιτική,
1085 1440 1112 1480 et
1122 1428 1228 1483 Seneca

153 1510 221 1576 juris
234 1511 310 1560 ciuilis
324 1510 453 1576 aquaticas
466 1507 581 1560 dicatur.
599 1505 707 1560 Confer.
722 1505 819 1559 Faberi
833 1508 926 1577 Progr.
942 1506 975 1560 de
988 1527 1067 1562 seusu
1082 1515 1227 1566 communi.

160 1592 240 1663 Ansp.
258 1596 338 1661 1774,
351 1604 377 1643 et
390 1590 474 1644 Bentl.
486 1589 520 1644 ad
533 1590 629 1645 Horat.
642 1591 697 1642 Sat.
713 1589 741 1650 Ι,
756 1587 781 1653 3,
797 1591 840 1640 66.
857 1589 963 1641 Ernesti
977 1589 1006 1642 in
1019 1591 1088 1644 clar.
1104 1591 1161 1645 Cic.
1175 1614 1230 1644 ren-

161 1692 214 1725 sum
229 1693 378 1724 communem
392 1672 516 1726 Ciceroni
533 1684 624 1725 monet
637 1670 693 1724 dici
708 1671 860 1724 naturalem
877 1671 1033 1725 facultatem
1050 1673 1230 1746 intelligendi,

160 1753 316 1826 judicandi,
329 1768 369 1820 et,
384 1754 457 1826 qnod
471 1755 574 1807 bonum
589 1765 746 1824 rectumque
761 1753 811 1816 sit,
827 1751 1016 1823 cognoscendi.
1034 1756 1149 1820 Quintil.
1163 1759 1231 1811 Inst.

163 1839 212 1890 Or.
226 1839 253 1899 1,
269 1857 298 1900 a,
313 1856 360 1891 ao:
372 1862 382 1882 ι
392 1839 503 1890 Sensum
523 1835 625 1910 ipsum,
639 1837 686 1908 qui
700 1831 974 1898 communiebatur,
996 1836 1044 1888 ubi
1057 1837 1117 1908 quis
1131 1838 1230 1912 discet,

162 1939 247 1993 quum
262 1939 323 1975 sea
342 1939 501 1991 congressu,
521 1920 569 1992 qui
586 1938 640 1972 nou
656 1919 813 1971 hominibus
834 1917 937 1979 solum,
956 1915 1003 1969 sed
1022 1919 1103 1972 mutis
1124 1941 1233 1994 quoque

163 2003 325 2058 animalibus
334 2003 466 2056 naturalis
477 2015 529 2066 est,
544 2000 726 2072 segregaritis
737 1999 794 2052 Ubi
805 1997 946 2070 Spalding.
961 1996 1039 2052 docte
1053 2000 1091 2052 ita
1101 2000 1232 2073 disputat:

163 2089 221 2141 «Ex
231 2087 284 2140 hoc
291 2083 365 2157 quod
375 2085 516 2157 subjicitur
525 2095 588 2154 post
597 2101 681 2133 sensus
691 2080 867 2142 vocabulum,
879 2093 992 2150 apparet
999 2080 1082 2150 vulgo
1093 2079 1131 2135 ita
1142 2086 1234 2156 appel·

163 2170 246 2223 latam
256 2169 416 2221 fuissehanc
426 2166 508 2218 animi
517 2164 687 2224 facultatem
695 2161 778 2234 quod,
788 2162 816 2214 ni
824 2161 912 2225 fallor,
922 2172 998 2216 atate
1004 2164 1118 2234 Augusti
1127 2164 1234 2220 demum

164 2253 223 2307 lieri
234 2251 332 2326 cupit,
343 2250 467 2302 Ciceroni
480 2267 535 2301 nou
547 2246 616 2302 adeo
625 2245 763 2298 usitatum.
775 2241 854 2315 Apud
866 2243 940 2296 huuc
949 2244 1021 2296 enim
1034 2246 1096 2299 licet
1108 2249 1171 2301 satis
1181 2250 1234 2303 fre·

164 2347 277 2410 quenter
291 2351 387 2384 sensum
399 2349 550 2381 communem
564 2328 650 2398 legas,
666 2325 823 2398 adjungitur
842 2325 896 2377 fere
912 2344 1016 2398 semper
1028 2328 1148 2399 aliquid,
1163 2331 1235 2383 uude

163 2437 217 2490 pro
229 2415 306 2469 vario
323 2431 394 2465 nexu
411 2409 601 2482 disputationis
615 2408 720 2462 variam
736 2405 868 2458 locutioni
882 2406 1105 2476 significationem
1121 2411 1234 2465 tribuas.

165 2498 202 2553 Id
213 2511 301 2550 tamen
315 2513 364 2566 per
378 2492 468 2545 omnia
481 2495 538 2563 ejus
552 2492 612 2543 loca
626 2489 718 2558 (verb.
732 2506 818 2541 causa.
830 2488 922 2541 Plana.
939 2490 980 2551 13,
996 2496 1042 2556 ¹43
1058 2489 1092 2544 de
1106 2494 1154 2546 Or.
1168 2494 1236 2558 1‚3;

165 2581 212 2643 ΙΙ,
228 2577 275 2644 16)
287 2578 429 2629 observare
443 2575 521 2638 licet,
537 2573 650 2642 intelligi
664 2570 706 2634 id,
722 2569 795 2642 quod
807 2587 898 2622 omnes
913 2571 1037 2625 homines
1052 2575 1179 2641 sentiam,
1193 2578 1237 2636 τὰς

166 2659 362 2722 acreddendae,
376 2659 432 2712 sire
446 2657 473 2708 in
488 2657 600 2710 veritate
613 2672 702 2707 rerum
713 2653 878 2726 judicanda,
893 2653 989 2708 sivein
1003 2657 1152 2712 honestate.
1174 2662 1238 2714 Nou

167 2749 251 2820 igitur
261 2743 370 2816 proprie
383 2740 483 2795 dicitur
496 2760 511 2793 a
525 2741 610 2794 Cicer.
622 2757 705 2789 sensus
720 2740 860 2800 communis,
873 2749 902 2789 ut
913 2756 962 2809 per
973 2758 1000 2792 se
1009 2741 1094 2810 possit
1104 2755 1131 2794 et
1142 2741 1239 2796 debeat

166 2829 297 2900 intelligi,
314 2825 362 2881 sed
377 2844 428 2898 pro
444 2843 473 2877 re
489 2835 565 2887 nata;
582 2837 609 2876 et
624 2819 758 2876 interdum
774 2838 824 2892 pro
841 2838 874 2873 eo
887 2832 928 2873 est
941 2825 1078 2882 communis
1088 2829 1238 2891 pnrdenria,

168 2916 263 2981 opinio,
274 2930 342 2962 mens
355 2906 406 2979 (de
420 2908 480 2960 Fin.
496 2909 547 2971 IV,
563 2925 609 2976 ²73
625 2907 682 2960 Off.
697 2907 739 2968 11,
757 2923 803 2968 ιο,
818 2903 851 2957 de
866 2907 914 2957 Or.
927 2905 984 2969 ΙΙΙ,
1000 2911 1063 2977 ²9);
1077 2909 1158 2961 etiam
1174 2930 1239 2960 corn·

168 3014 254 3050 mrtnes
270 3013 357 3045 sensus
372 2992 443 3064 plur.
458 3009 531 3042 num.
546 2987 675 3042 dicuntur
688 2986 741 3054 (de
754 2989 800 3040 Or.
821 2989 880 3052 ΙΙΙ,
896 2989 942 3052 50,
957 3001 983 3042 et
997 2991 1067 3062 inpr.
1083 2990 1187 3045 Cluent.
1204 2997 1237 3061 6)

167 3081 249 3153 plane
257 3097 308 3148 pro
317 3077 404 3133 κοιναῖς
413 3074 516 3132 ἐννοίαις.
528 3073 676 3145 Scriptores
686 3084 775 3124 tamen
786 3071 837 3123 sub
842 3073 970 3142 Augusto,
983 3093 1067 3145 eoque
1077 3077 1239 3130 recentiores

169 3162 292 3216 absolute
308 3171 457 3229 usurpant,
474 3169 504 3208 ut
519 3156 585 3209 Hor.
599 3156 655 3207 Sat.
670 3154 698 3216 Ι,
715 3151 744 3215 3,
758 3156 805 3218 66;
819 3153 924 3207 Phndr.
939 3156 967 3218 1,
985 3175 1015 3226 7;
1028 3157 1089 3210 sen.
1102 3171 1128 3211 et
1141 3161 1238 3214 luten.

168 3247 256 3308 VIII,
268 3244 317 3314 733
329 3258 409 3312 quem
422 3240 512 3292 locum
525 3255 644 3309 nuperus
663 3237 793 3307 interpres
806 3235 878 3289 Gall.
891 3241 1006 3289 Duraula
1019 3241 1087 3293 bene
1100 3240 1238 3295 reddidit:

171 3333 205 3380 Ile
214 3341 259 3379 ont
269 3338 393 3376 rarement
402 3327 426 3374 la
438 3341 493 3372 rens
506 3337 632 3384 eommun3
648 3318 695 3389 qui
705 3318 787 3371 etiam
797 3318 825 3369 in
837 3332 902 3371 nota
915 3333 986 3374 recto
998 3323 1110 3376 revincit
1120 3325 1238 3377 Shaftes-

171 3409 322 3462 buriensem
335 3406 498 3477 cogitantem
515 3421 577 3456 cum
592 3403 682 3454 multIs
694 3399 728 3452 de
739 3404 917 3468 popularitate.
933 3408 1019 3455 Sensus
1031 3424 1096 3476 ergo
1109 3411 1239 3458 communis

171 3493 252 3546 etiam
260 3490 305 3543 hic
314 3502 353 3542 est
361 3488 460 3542 notitia
470 3504 576 3549 eorum,
586 3504 644 3557 quae
654 3503 731 3538 nosse
741 3498 768 3538 et
777 3485 874 3538 sentire
881 3486 1004 3542 homines
1014 3489 1112 3554 soleut3
1123 3489 1241 3561 pruden-

171 3576 219 3637 tia,
231 3571 317 3644 qualis
327 3573 354 3624 in
367 3571 463 3644 quovis
473 3570 591 3630 homine,
604 3568 686 3622 modo
696 3568 765 3620 inter
774 3567 896 3622 homiues
905 3584 1027 3624 versatus
1037 3571 1126 3635 fuerit,
1136 3591 1239 3627 eorum.

172 3675 225 3730 que
241 3673 327 3708 mores
345 3667 372 3706 et
388 3654 508 3706 instituta
525 3652 695 3722 cognoverit,
713 3651 864 3722 exspectari
880 3650 991 3720 debeat,
1010 3652 1057 3706 sed
1070 3655 1238 3724 potissimum

171 3739 260 3813 qualis
273 3738 301 3790 iu
319 3756 368 3790 usu
380 3737 520 3789 hominum
532 3734 657 3788 familiari
669 3747 709 3788 est
719 3734 878 3788 necessaria.
898 3737 965 3789 Orta
981 3754 1045 3789 sane
1060 3737 1208 3812 appellatio
1222 3759 1238 3793 a

171 3822 337 3874 commeratione
351 3819 412 3871 talis
425 3837 517 3872 seusus
528 3819 596 3871 inter
607 3817 740 3879 homines,
752 3815 801 3870 sed
813 3835 871 3888 qna
884 3818 981 3870 sensim
991 3818 1019 3870 iu
1033 3816 1182 3889 prudentie
1195 3834 1236 3874 to·

170 3908 224 3958 tius
235 3903 456 3974 significationem
466 3902 575 3968 abierit,
586 3914 617 3954 ut
625 3913 715 3973 posset
723 3901 781 3952 hac
793 3898 827 3951 de
838 3918 868 3952 ea
884 3903 1007 3953 Volcatius
1018 3898 1128 3955 ludere:
1139 3909 1174 3954 La
1181 3922 1237 3956 sens

171 4006 282 4041 commun
292 3995 353 4038 n'ctt
359 4007 407 4054 par
417 3991 440 4037 si
450 4005 571 4038 commun.
583 3987 677 4056 Neque
687 3986 742 4039 hoc
755 3986 842 4038 tolum
853 3999 898 4038 est.
903 3987 1081 4050 vocabulum,
1095 3988 1171 4058 quod
1180 3992 1236 4061 jam

172 4073 206 4124 ab
219 4082 358 4142 argentea,
369 4088 449 4140 quarn
460 4081 573 4134 vocant,
585 4067 663 4122 latini
675 4067 802 4122 sermonis
812 4081 889 4121 atate
900 4070 1008 4140 coeperit
1021 4070 1049 4124 in
1060 4087 1121 4132 eam
1132 4071 1238 4142 signiti-

259 4155 287 4216 1.
1049 4158 1090 4231 ta
