3056 4984
390 453 696 528 1n'sir1nnn
720 459 938 530 sannen.
1136 461 1199 549 393
1242 497 1247 500 -

161 573 231 628 Nor.
254 583 286 640 4¹
299 593 353 649 seq.
376 579 435 630 Jam
450 580 536 632 onmia
551 581 592 630 vel
602 592 697 650 praeter
708 591 827 630 uenturam
838 579 895 631 fieri
907 595 983 650 posse
994 572 1167 642 crediderim,
1178 576 1201 628 ei

130 661 250 716 Ursidius
263 681 370 716 uxorem
385 665 476 730 ducit,
491 666 533 717 vri
543 667 565 716 si
579 667 632 716 nlla
642 666 774 736 reperitur
787 665 896 730 mulier,
909 681 968 734 qne
979 663 1023 716 tali
1037 663 1138 715 moecho
1150 681 1201 714 nu·

129 743 189 797 here
198 747 271 798 velit.
285 747 365 799 Color
375 749 500 800 orationis
514 747 608 801 duetus
622 768 637 800 e
650 749 729 802 simili
741 749 801 803 loco
811 749 883 820 Virg.
897 748 988 818 Eelog.
1003 747 1088 813 v111,
1102 751 1134 800 26
1143 766 1199 818 neq.

130 857 162 866 -
170 832 286 896 Iungitur
294 831 476 896 matrimonio,
489 843 519 884 ut
527 830 598 903 apud
609 832 683 904 Virg.
696 831 800 884 AEneid.
811 831 861 896 tv,
876 847 923 897 ¹9²
933 842 959 883 et
970 831 1004 883 al.

161 958 229 1004 Vns.
242 967 285 1014 to.
295 957 440 1006 ΜατΙιοηυη
447 956 598 1025 turpissimus
606 953 683 1005 edidit
690 957 826 1015 Maittaire,
836 959 903 1022 quod
911 959 995 1007 neseio
1004 957 1072 1006 nude
1080 957 1201 1006 hebuerit.

162 1049 231 1102 Nor.
252 1052 295 1113 43.
308 1055 400 1111 Stulta,
416 1052 522 1117 stultus,
535 1050 657 1116 demens,
672 1050 713 1104 vel
725 1049 868 1103 dementer.
882 1080 918 1089 -
930 1052 1065 1117 capistrum
1079 1052 1201 1114 man'tale,

127 1135 218 1204 jugum
232 1147 258 1188 et
269 1135 372 1190 vinonio
384 1147 518 1207 perpetuo
529 1134 672 1198 servitutis,
682 1151 761 1205 quam
773 1132 968 1184 matrimonium
982 1133 1006 1185 ei
1019 1132 1140 1204 injungit.
1157 1131 1200 1184 Cf.

130 1214 241 1270 Pallados
255 1218 346 1290 Epigr.
366 1218 446 1283 xiil,
460 1218 487 1270 in
497 1217 615 1269 Brunck.
628 1216 704 1268 Anal.
719 1228 783 1268 tom.
796 1216 833 1276 11,
846 1235 871 1287 p.
884 1220 944 1281 ⁴5⁰9·
954 1214 1108 1288 Metaphora
1122 1215 1203 1287 petits

129 1310 191 1352 esta
208 1300 305 1366 tauris,
320 1301 362 1354 vel
379 1303 469 1373 equis,
482 1301 529 1372 qui
545 1303 608 1350 dont
621 1302 732 1350 moltibus
742 1319 788 1349 ora
800 1301 926 1367 captent,
942 1299 1016 1372 Virg.
1030 1299 1126 1371 Georg.
1142 1297 1202 1364 111,

133 1381 190 1434 188.
203 1411 240 1432 2-
255 1388 306 1435 Om
316 1385 523 1452 sunaporrtgan
533 1381 595 1434 uide
607 1379 641 1434 ad
653 1381 707 1445 IX,
722 1382 746 1436 5.

164 1509 233 1556 Vn.
254 1517 295 1566 44.
305 1509 449 1566 Peritum,
463 1511 495 1557 16
506 1519 529 1556 et
541 1509 582 1566 83,
593 1506 664 1572 prob.
674 1507 818 1555 Schradero.
829 1505 925 1572 Pep'm
933 1507 998 1555 bene
1007 1507 1071 1568 conj.
1080 1509 1112 1554 H.
1121 1505 1202 1555 Valeo.

131 1603 154 1639 et
165 1591 293 1642 Heinrich.
307 1593 366 1641 vid.
378 1593 474 1643 Corum.
485 1592 516 1641 ad
531 1596 558 1652 1,
574 1593 616 1640 36.

163 1682 233 1735 Nor.
255 1689 299 1746 44.
320 1683 442 1736 Ursidius
456 1682 589 1748 manchus,
603 1701 673 1750 quem
684 1685 752 1732 toties
765 1679 881 1733 adultera
895 1681 1097 1754 superveniente
1109 1678 1204 1732 marito

129 1765 156 1816 in
168 1768 230 1816 etsta
243 1764 426 1830 abscondidit,
442 1785 475 1818 ne
488 1766 521 1819 ab
534 1785 565 1818 eo
579 1765 821 1838 deprehenderetur
831 1777 856 1817 et
862 1768 969 1834 perirem
983 1767 1088 1838 qualem
1102 1763 1204 1817 adulte·

129 1864 187 1900 rnm
198 1851 302 1901 latim
312 1849 408 1903 minim
418 1849 601 1902 celeberrimus
609 1849 662 1920 egit
672 1867 678 1902 :
690 1847 745 1901 vid.
753 1847 786 1900 ad
794 1848 820 1912 1,
829 1847 877 1910 36,
888 1861 913 1901 et
919 1847 989 1904 cons.
998 1849 1090 1903 Horat.
1099 1860 1147 1900 sat.
1158 1848 1203 1912 11,

129 1950 156 2000 7,
171 1933 204 2000 59
215 1953 272 2005 seq.
283 1963 319 1974 —
330 1935 438 1984 Peritnrt
449 1952 527 1986 manu
538 1933 598 1986 irati
609 1932 695 1985 mariti
706 1971 714 1998 ,
728 1931 778 1983 nisi
791 1943 874 1985 tectus
886 1932 977 1985 iniisset
989 1933 1063 1986 cista.
1084 1931 1128 1984 Sin
1139 1929 1204 1983 dici·

132 2033 204 2080 mus,
214 2019 240 2067 Ie
250 2035 294 2066 sac
302 2017 438 2083 deSoapin.
455 2016 506 2068 Eo.

162 2111 231 2163 Nor.
253 2111 286 2174 45
298 2129 353 2183 seq.
371 2111 475 2164 Summa
490 2123 527 2164 est
540 2112 648 2165 stultitia
663 2111 779 2175 Ursidii,
791 2112 837 2184 qui
851 2131 952 2163 uxorem
968 2111 1078 2180 antiquis
1089 2113 1203 2177 motibus,

129 2191 178 2247 hoc
188 2207 244 2257 est,
256 2207 353 2248 casnm
364 2207 389 2246 et
399 2194 523 2266 pudicam
531 2235 539 2260 ‚
547 2199 634 2263 quant
643 2194 805 2268 temporibus
817 2195 920 2256 nostrie,
931 2194 1028 2266 quibus
1039 2212 1118 2247 nemo
1127 2193 1207 2246 talem

128 2279 244 2350 reperire
258 2289 352 2350 potest.
365 2310 401 2318 -
419 2279 532 2346 Antiquis
546 2280 649 2329 mosibus
666 2295 770 2337 uxores,
784 2275 874 2349 quales
890 2277 979 2330 vixere
996 2275 1090 2350 priscis
1107 2275 1205 2329 Roma·

130 2377 226 2414 norum
238 2359 410 2432 temporibus.

162 2453 234 2507 Nor.
255 2455 298 2517 46.
311 2453 418 2520 Facete,
432 2472 486 2526 quo
498 2471 577 2506 sensu
589 2454 656 2506 infra
675 2454 753 2520 xlv,
769 2453 836 2521 aia,
855 2454 953 2509 dicitur
965 2457 1029 2506 ocius
1045 2457 1206 2525 Archigenem

130 2554 226 2605 quare,
245 2547 271 2588 et
288 2535 373 2602 xm,
387 2554 430 2607 97,
443 2551 496 2606 eget
516 2539 630 2602 Anticyra
644 2550 668 2586 et
678 2538 832 2605 Archigene,
845 2539 887 2591 rei
901 2538 972 2611 apud
986 2537 1076 2590 Horat.
1091 2538 1144 2592 Sat.
1161 2539 1205 2605 11,

130 2620 156 2686 3,
172 2621 240 2672 166:
253 2622 353 2688 naviget
364 2623 517 2686 Anticyram.
532 2619 564 2671 In
574 2617 663 2672 surore
675 2631 701 2672 et
711 2619 805 2673 delirio
813 2640 879 2672 vena
891 2623 989 2682 media,
1003 2621 1029 2672 in
1044 2621 1142 2680 fronte,
1149 2641 1208 2689 per·

128 2704 214 2765 tundi,
225 2701 278 2754 hoc
288 2714 339 2765 est,
350 2701 421 2754 feriri
430 2743 437 2766 ‚
445 2721 491 2755 seu
503 2702 585 2756 secari
595 2701 695 2756 solebat
704 2713 724 2754 ¹.
739 2700 847 2775 Physici
857 2700 979 2766 tradunt,
991 2701 1018 2753 in
1027 2702 1143 2755 brachiis
1153 2716 1207 2756 tres
1286 2710 1290 2724 '

130 2803 184 2838 ense
197 2803 277 2839 venat
286 2783 473 2838 descendentes
484 2785 517 2836 ah
527 2783 637 2858 hepate,
652 2787 789 2850 basilicam,
799 2789 959 2853 capitolinam,
970 2797 1005 2848 et,
1016 2803 1074 2857 que,
1086 2786 1113 2838 in
1126 2789 1206 2838 medio

131 2869 225 2921 mmm
235 2880 274 2921 eet
284 2869 321 2936 (et
331 2885 393 2921 cnm
403 2868 436 2921 iie
444 2869 478 2927 ah
489 2868 583 2940 hepate
592 2867 754 2938 descendit),
768 2871 874 2920 mediam
888 2868 979 2940 (vulgo
989 2869 1149 2938 meduanam),
1158 2887 1206 2923 seu

131 2956 225 3022 nr'pmm
236 2964 262 3005 et
272 2971 436 3013 communem
450 2951 515 3003 Brit.

164 3047 234 3100 Nor.
255 3053 297 3117 47.
309 3050 415 3098 Delicias
426 3047 538 3111 hominis,
548 3064 580 3098 en
589 3045 730 3100 delicatum
740 3045 818 3099 nimis
827 3045 961 3098 hominem
972 3067 980 3113 3
991 3047 1033 3099 vei
1044 3046 1186 3101 ridiculum
1195 3089 1203 3116 ‚

132 3132 177 3206 qni
186 3143 288 3206 speret,
298 3130 350 3183 sihi
362 3131 407 3182 uni
421 3129 542 3182 daturam
553 3149 608 3182 esse
619 3130 749 3183 fortunam
759 3170 766 3194 ,
775 3128 847 3200 quod
860 3128 932 3181 haud
943 3129 990 3181 ulli
1003 3130 1141 3198 detulerit,
1153 3130 1205 3185 hoo

132 3228 182 3282 est,
193 3226 292 3268 castam
303 3231 353 3266 ase
363 3231 472 3268 uxorem
488 3213 624 3266 inventum
636 3213 682 3276 iri,
694 3230 773 3286 quam
783 3229 874 3264 omnes
883 3211 928 3264 alii
938 3211 1033 3266 frustra
1044 3213 1202 3285 quesierint.

132 3299 209 3353 Coni.
221 3299 307 3364 xm,
320 3304 377 3359 rio.

166 3394 237 3446 Nor.
259 3398 371 3462 47-49.
391 3393 450 3444 Non
465 3391 521 3445 sine
536 3391 661 3464 singulari
679 3388 789 3443 deorum
807 3387 972 3461 providentie
989 3409 1020 3460 ao
1036 3390 1125 3444 favore
1140 3409 1204 3444 con-

133 3477 215 3548 tinget
222 3475 271 3527 tihi
280 3488 335 3528 tam
346 3475 414 3527 felici
424 3493 494 3538 esse,
510 3485 539 3526 ut
553 3487 648 3528 castam
662 3475 779 3528 invenias
792 3491 913 3536 uxorem,
927 3472 1002 3545 quod
1010 3475 1099 3528 nescio
1110 3493 1143 3527 an
1156 3474 1203 3528 uili

132 3558 289 3630 oontigerit;
309 3571 335 3611 et
349 3557 456 3630 quidem
469 3560 527 3618 tibi,
547 3556 711 3618 moechorum
726 3556 878 3622 notissimo,
897 3556 944 3628 qui
963 3555 1203 3630 indignissimum

133 3641 178 3694 tali
192 3641 306 3695 fortuna.
321 3642 398 3697 Cous.
412 3643 451 3708 X,
466 3641 498 3694 6⁵
514 3661 567 3713 seq.
582 3673 617 3682 --
629 3645 713 3694 lunen
730 3643 873 3711 Tarpeiam,
886 3641 977 3712 tempii
990 3641 1063 3695 Jovis
1075 3643 1102 3695 in
1115 3654 1206 3696 monte

133 3725 263 3797 Tarpeio,
278 3745 325 3780 seu
335 3725 483 3796 Capitolino
492 3763 499 3789 ‚
509 3729 588 3776 adora
597 3745 710 3792 pronus,
725 3737 754 3777 ut
764 3723 835 3797 apud
846 3723 926 3777 Orid.
935 3724 1042 3779 Metam.
1054 3727 1085 3791 1,
1096 3726 1147 3797 37⁵
1159 3745 1166 3780 :

350 3825 383 3869 Ut
395 3821 477 3884 templi
491 3823 589 3884 tetigere
601 3821 702 3883 padus,
715 3819 850 3882 procumbit
862 3829 963 3882 uterque

350 3899 442 3945 Pronus
453 3897 547 3953 hnmi²‚
561 3897 687 3958 gelidoque
698 3911 787 3958 pavens
799 3893 864 3940 dedit
876 3894 956 3942 osenia
968 3909 1033 3941 saxo.

555 4029 784 4048 mmmm

174 4133 183 4156 ¹
201 4127 259 4173 Vid.
271 4126 370 4211 Aetius,
384 4127 426 4175 lib.
436 4129 483 4188 VI,
496 4129 588 4195 capii,
603 4140 626 4177 et
638 4130 699 4178 Panl
711 4129 813 4194 AEginet.
826 4123 870 4174 lib.
881 4127 928 4186 111,
939 4143 992 4192 cap.
1002 4128 1034 4177 de
1044 4128 1195 4179 Phreneticis

175 4209 185 4232 ²
201 4208 350 4273 [lpas-tusis,
365 4215 497 4266 munzun.
