3134 4990
338 421 401 500 548
611 413 651 475 D.
680 407 826 475 Jtttttt
846 405 1127 473 Jttvutttttts

336 537 393 606 Sic
406 534 499 604 Pedo
514 525 708 610 conturbat,
728 521 849 592 Matho
863 519 995 592 deficit:
1012 523 1120 592 exitus
1134 522 1190 593 hic
1206 535 1259 594 est

335 640 499 737 Tongilli,
515 658 639 732 magno
655 657 732 702 cum
746 630 965 701 rhinocerote
979 628 1082 700 lavari
1351 642 1403 698 rto

334 753 405 842 Qui
417 748 521 834 solet,
536 760 571 814 et
585 755 684 814 vexat
698 737 865 808 lutulenta
879 737 997 807 balnea
1010 738 1126 825 turba,

335 872 469 960 Perque
482 855 750 955 forumjuvenes
764 849 866 946 longo
881 851 1006 946 premit
1020 873 1133 922 assere
1147 849 1286 934 Medos,

334 981 521 1071 Empturus
536 989 680 1063 pueros,
696 973 890 1056 argentum,
904 959 1098 1045 murrhina,
1114 957 1220 1028 villas.

334 1083 490 1183 Spondet
502 1078 594 1150 enim
608 1073 711 1169 Tyrio
726 1069 876 1140 stlauria
887 1092 1039 1164 purpura
1051 1067 1121 1138 filo.

334 1201 380 1268 Et
395 1210 507 1264 tamen
522 1202 574 1258 est
588 1183 654 1253 illis
670 1183 738 1251 hoe
752 1178 857 1248 utile:
875 1201 1028 1273 purpura
1043 1177 1162 1248 vendit
1359 1191 1408 1244 135

335 1302 582 1384 causidicum
601 1292 755 1363 venduut
771 1287 1016 1382 amethystina:
1035 1286 1196 1357 convenit
1212 1284 1278 1364 illis

335 1420 380 1486 Et
395 1409 554 1505 strepitu,
570 1419 605 1474 et
618 1401 703 1472 facie
719 1397 856 1492 majoris
870 1397 985 1465 vivere
1000 1420 1131 1466 census.

336 1524 403 1594 Sed
417 1521 521 1588 finem
536 1515 697 1608 impensae
712 1531 781 1576 non
798 1519 910 1576 servat
923 1504 1065 1602 prodiga
1080 1507 1197 1574 Roma.

384 1628 534 1698 Fidimus
550 1614 705 1715 eloquio?
723 1615 884 1686 Ciceroni
900 1637 1001 1682 nemo
1015 1613 1180 1683 ducentos

336 1743 439 1814 Nunc
451 1733 585 1806 dederit
596 1749 736 1813 numoS,
750 1723 815 1793 nisi
828 1722 962 1794 fulserit
977 1701 1268 1818 annulus'ingens.
1358 1741 1410 1798 ιφ

336 1936 427 1993 altero
441 1929 526 1987 oculo
540 1927 652 1993 clauso,
670 1933 705 1979 ut
717 1917 768 1990 fit,
786 1919 959 1990 collineans,
973 1918 1164 1995 praeliumque
1182 1915 1350 1974 meditatus.
1369 1916 1409 1970 At

336 2021 562 2086 durnAEmilium
572 2026 684 2076 tentent
693 2013 800 2070 imitari
807 2011 958 2070 mossidici
968 2025 1078 2082 tenues,
1086 2022 1116 2067 et
1122 2010 1228 2067 lamam
1238 2007 1409 2065 divitiam

337 2139 370 2178 ao
386 2113 546 2176 nobilitatis
561 2118 695 2185 captant,
718 2123 754 2162 eo
772 2103 822 2173 fit,
845 2115 880 2160 ut
900 2103 1032 2161 fortuma
1053 2121 1154 2160 omnes
1168 2100 1353 2177 dilapident:
1369 2099 1410 2157 sic

336 2210 418 2271 Pedo
429 2204 581 2280 decoquit3
593 2200 696 2258 Matho
707 2196 746 2255 ad
759 2207 916 2274 egestatem
927 2195 1084 2271 redigitnra
1094 2195 1133 2250 ad
1143 2192 1278 2252 eumdem
1288 2193 1409 2251 modom

336 2303 424 2362 bonis
436 2297 589 2374 Tongilius
600 2291 752 2360 evertitur,
766 2289 818 2364 qui
830 2305 899 2346 vase
913 2287 990 2344 lacto
1004 2305 1021 2343 e
1035 2303 1129 2344 cornu
1139 2286 1340 2342 rhinocerotis
1351 2287 1409 2342 uti-

337 2409 389 2454 tur
401 2393 433 2450 in
444 2387 573 2456 balneis,
588 2383 641 2440 nbi
653 2381 775 2440 honoris
786 2391 815 2437 et
824 2397 938 2454 pompae
949 2396 1046 2436 caussa
1055 2377 1157 2454 stipari
1168 2396 1201 2435 se
1207 2377 1294 2452 jubet
1305 2397 1322 2434 a
1334 2381 1411 2435 rnul-

337 2487 375 2545 tis
385 2479 542 2544 comitibus
552 2487 582 2534 et
590 2473 703 2532 asseclis
713 2474 776 2530 luto
785 2471 926 2540 sordidis,
935 2470 1095 2544 ceterisque
1106 2487 1165 2526 nna
1174 2470 1339 2526 laventibus
1348 2489 1411 2527 mo-

338 2583 426 2637 lestus
437 2585 495 2632 est:
508 2569 559 2646 qui
568 2585 622 2643 per
630 2562 759 2622 medium
767 2561 848 2618 vadit
856 2561 954 2618 torum
965 2561 1078 2637 ingenti
1088 2561 1185 2618 lectica
1198 2581 1288 2636 quarn
1297 2576 1411 2639 gestam

338 2669 422 2730 Medi
435 2667 567 2742 juvenes,
584 2655 706 2733 perinde
721 2652 805 2729 quasi
815 2653 900 2710 vellet
915 2653 974 2710 illic
988 2671 1085 2710 emere
1098 2653 1263 2728 mancipia,
1279 2673 1348 2710 resa
1362 2674 1412 2713 ar·-

340 2772 444 2838 gentea
458 2754 504 2812 vel
517 2747 687 2816 murrbinn,
702 2739 731 2801 ¹et
744 2743 834 2801 villas.
850 2744 937 2799 Illum
950 2743 1027 2800 enim
1041 2741 1109 2799 satis
1121 2759 1183 2798 esse
1194 2743 1368 2816 locupletum
1377 2755 1412 2800 nt

338 2855 400 2910 bec
411 2864 507 2906 emere
518 2837 609 2918 possit
619 2853 654 2895 ae
666 2836 794 2903 solvere,
804 2832 893 2890 vestis
906 2834 1017 2909 ampla,
1029 2844 1060 2890 et
1070 2833 1180 2890 murice
1189 2833 1298 2908 Tyrio,
1311 2836 1413 2892 stlate-

338 2944 402 3013 n'o,
415 2941 447 2997 id
458 2949 514 3005 est,
528 2928 722 2993 transmarino
735 2926 824 2982 tincta
834 2925 997 3000 persuadet
1012 2927 1109 2984 Porro
1126 2925 1194 2982 licet
1208 2943 1270 2982 rem
1283 2926 1412 2982 familia·

340 3054 403 3094 rem
426 3037 619 3088 ostentatores
642 3020 692 3078 isti
711 3015 902 3092 disperdant,
924 3017 981 3072 boo
1003 3027 1100 3072 tamen
1122 3015 1202 3074 baud
1227 3016 1291 3075 sine
1312 3017 1413 3092 aliquo

340 3125 538 3185 emolumento
562 3115 681 3173 faciunt.
709 3112 812 3166 Vestes
838 3107 916 3165 euim
938 3109 1080 3183 purpurei
1105 3109 1210 3166 coloris
1236 3122 1265 3165 et
1290 3127 1410 3184 gemm:

340 3213 540 3289 amethystinae
559 3218 627 3265 sunt
643 3205 675 3262 in
692 3219 802 3273 mussa,
821 3217 873 3256 cur
887 3200 1059 3258 caussidicns
1074 3200 1167 3276 pluris
1186 3201 1372 3259 conducatur
1392 3220 1410 3259 a

339 3305 510 3374 clientibus,
529 3297 717 3359 condoctior
738 3305 767 3350 et
785 3291 890 3366 majori
910 3291 1082 3350 auctoritate
1102 3292 1240 3366 preditus
1260 3293 1412 3351 existime-

340 3413 409 3459 tur:
435 3415 499 3455 eam
524 3394 563 3450 ob
586 3409 650 3448 rem
672 3386 789 3462 expedit
815 3379 947 3460 patronis
970 3383 1193 3440 ostentationem
1214 3394 1244 3440 et
1268 3401 1410 3459 pompam

339 3491 498 3572 quemdum
511 3486 543 3542 iu
554 3482 700 3549 vestibus,
716 3479 746 3534 in
758 3476 863 3544 servis,
879 3476 910 3531 in
921 3473 1034 3550 reliquo
1048 3485 1188 3549 apparatu
1201 3476 1409 3548 praeseferre,

339 3606 374 3644 ac
392 3583 534 3658 majores,
557 3592 644 3650 quam
664 3588 766 3629 revera
785 3567 968 3643 possideant,
989 3584 1059 3640 opes
1078 3566 1228 3623 simulare:
1250 3567 1282 3622 in
1303 3587 1365 3642 quo
1385 3569 1409 3624 si

339 3679 460 3736 modum
475 3678 624 3736 tenerent,
639 3662 788 3721 tolerabile
800 3661 908 3718 melum
919 3669 1008 3728 esset3
1019 3676 1122 3716 rerum
1132 3699 1141 3727 ,
1153 3669 1187 3715 ut
1199 3671 1243 3718 est
1256 3662 1409 3717 Romano-

338 3788 403 3827 ront
422 3765 552 3832 indoles,
573 3758 624 3832 qui
641 3756 750 3811 nullent
769 3753 801 3808 iu
820 3751 984 3825 sumptibus
1001 3749 1231 3808 moderationem
1252 3751 1409 3822 adhibent,

339 3878 389 3917 eos
403 3855 534 3914 funditus
549 3849 646 3925 perire
659 3863 692 3902 ec
706 3839 830 3900 fortunis
843 3840 933 3897 everti
947 3855 1061 3897 necesse
1076 3851 1128 3897 est.

382 3952 447 4026 139.
466 3947 632 4009 Falluntur,
654 3935 704 4012 qui
723 3943 844 4009 sperent
857 3929 1067 4007 conliduntqne
1081 3949 1111 3988 se
1126 3933 1294 4007 eloquentia
1314 3935 1408 4009 ampla

337 4043 456 4118 praemia
474 4041 719 4109 consequuturos:
740 4045 807 4084 nam
827 4024 882 4082 etsi
898 4025 1020 4082 redeant
1036 4033 1149 4082 veteres
1165 4026 1303 4100 petroni,
1321 4045 1409 4084 nemo

339 4150 417 4192 nnnc
429 4131 475 4192 rel
489 4127 547 4204 ipsi
560 4120 694 4185 Ciceroni
705 4121 845 4182 ducentos
855 4134 990 4176 nummos
1001 4133 1057 4194 pro
1068 4115 1182 4195 agenda
1197 4135 1296 4178 caussa
1308 4117 1409 4190 daret,
