<?xml version="1.0" encoding="UTF-8"?>
<!DOCTYPE html PUBLIC "-//W3C//DTD XHTML 1.0 Transitional//EN"
    "http://www.w3.org/TR/xhtml1/DTD/xhtml1-transitional.dtd">
<html xmlns="http://www.w3.org/1999/xhtml" xml:lang="en" lang="en">
 <head>
  <title>
</title>
<meta http-equiv="Content-Type" content="text/html;charset=utf-8" />
  <meta name='ocr-system' content='tesseract 3.04.00' />
  <meta name='ocr-capabilities' content='ocr_page ocr_carea ocr_par ocr_line ocrx_word'/>
</head>
<body>
  <div class='ocr_page' id='page_1' title='image "./sexdecimsatir01lemagoog_0680.png"; bbox 0 0 3122 4986; ppageno 0'>
   <div class='ocr_carea' id='block_1_1' title="bbox 423 509 1288 598">
    <p class='ocr_par' dir='ltr' id='par_1_1' title="bbox 423 509 1288 598">
     <span class='ocr_line' id='line_1_1' title="bbox 423 509 1288 598; baseline -0.007 0"><span class='ocrx_word' id='word_1_1' title='bbox 423 531 991 598; x_wconf 75' lang='lat' dir='ltr'><strong>russrrasuocasvau.</strong></span> <span class='ocrx_word' id='word_1_2' title='bbox 1122 543 1126 552; x_wconf 94' lang='lat'><strong>·</strong></span> <span class='ocrx_word' id='word_1_3' title='bbox 1173 529 1234 594; x_wconf 85' lang='lat'><strong>661</strong></span> <span class='ocrx_word' id='word_1_4' title='bbox 1284 509 1288 515; x_wconf 83' lang='lat'>&#39;</span> 
     </span>
    </p>
   </div>
   <div class='ocr_carea' id='block_1_2' title="bbox 176 637 1248 1475">
    <p class='ocr_par' dir='ltr' id='par_1_2' title="bbox 176 637 1242 1040">
     <span class='ocr_line' id='line_1_2' title="bbox 176 637 1240 709; baseline 0.003 -22"><span class='ocrx_word' id='word_1_5' title='bbox 176 637 283 702; x_wconf 71' lang='lat' dir='ltr'><strong>nitoris,</strong></span> <span class='ocrx_word' id='word_1_6' title='bbox 293 659 373 709; x_wconf 90' lang='lat' dir='ltr'><strong>neque</strong></span> <span class='ocrx_word' id='word_1_7' title='bbox 386 647 486 696; x_wconf 88' lang='lat' dir='ltr'><strong>Tutoris</strong></span> <span class='ocrx_word' id='word_1_8' title='bbox 500 648 650 696; x_wconf 86' lang='lat' dir='ltr'><strong>mentionem</strong></span> <span class='ocrx_word' id='word_1_9' title='bbox 664 648 768 706; x_wconf 83' lang='lat' dir='ltr'><strong>faciunt,</strong></span> <span class='ocrx_word' id='word_1_10' title='bbox 780 646 823 709; x_wconf 84' lang='lat' dir='ltr'><strong>qui</strong></span> <span class='ocrx_word' id='word_1_11' title='bbox 831 645 920 693; x_wconf 80' lang='lat' dir='ltr'><strong>Ciliciae</strong></span> <span class='ocrx_word' id='word_1_12' title='bbox 933 646 1070 708; x_wconf 69' lang='lat' dir='ltr'><strong>praefuerit:</strong></span> <span class='ocrx_word' id='word_1_13' title='bbox 1082 645 1163 694; x_wconf 89' lang='lat' dir='ltr'><strong>Julius</strong></span> <span class='ocrx_word' id='word_1_14' title='bbox 1175 655 1240 692; x_wconf 87' lang='lat' dir='ltr'><strong>certe</strong></span> 
     </span>
     <span class='ocr_line' id='line_1_3' title="bbox 176 723 1241 794; baseline 0.004 -24"><span class='ocrx_word' id='word_1_15' title='bbox 176 723 262 784; x_wconf 80' lang='lat' dir='ltr'><strong>Tutor,</strong></span> <span class='ocrx_word' id='word_1_16' title='bbox 272 726 365 785; x_wconf 73' lang='lat' dir='ltr'><strong>Treuir,</strong></span> <span class='ocrx_word' id='word_1_17' title='bbox 375 729 407 776; x_wconf 91' lang='lat' dir='ltr'><strong>de</strong></span> <span class='ocrx_word' id='word_1_18' title='bbox 417 745 467 792; x_wconf 88' lang='lat' dir='ltr'><strong>quo</strong></span> <span class='ocrx_word' id='word_1_19' title='bbox 479 730 592 778; x_wconf 82' lang='lat' dir='ltr'><strong>nonnulli</strong></span> <span class='ocrx_word' id='word_1_20' title='bbox 603 730 652 778; x_wconf 83' lang='lat' dir='ltr'><strong>hoo</strong></span> <span class='ocrx_word' id='word_1_21' title='bbox 663 730 719 778; x_wconf 89' lang='lat' dir='ltr'><strong>loco</strong></span> <span class='ocrx_word' id='word_1_22' title='bbox 730 727 882 794; x_wconf 80' lang='lat' dir='ltr'><strong>cogitirunt,</strong></span> <span class='ocrx_word' id='word_1_23' title='bbox 895 729 955 792; x_wconf 68' lang='lat' dir='ltr'><strong>ripa</strong></span> <span class='ocrx_word' id='word_1_24' title='bbox 965 727 1062 785; x_wconf 77' lang='lat' dir='ltr'><strong>Rheni,</strong></span> <span class='ocrx_word' id='word_1_25' title='bbox 1075 743 1128 776; x_wconf 93' lang='lat' dir='ltr'><strong>non</strong></span> <span class='ocrx_word' id='word_1_26' title='bbox 1139 727 1241 786; x_wconf 82' lang='lat' dir='ltr'><strong>Ciliciae,</strong></span> 
     </span>
     <span class='ocr_line' id='line_1_4' title="bbox 176 807 1240 876; baseline 0.005 -24"><span class='ocrx_word' id='word_1_27' title='bbox 176 807 296 857; x_wconf 83' lang='lat' dir='ltr'><strong>aVitallio</strong></span> <span class='ocrx_word' id='word_1_28' title='bbox 305 814 365 876; x_wconf 87' lang='lat' dir='ltr'><strong>lmp.</strong></span> <span class='ocrx_word' id='word_1_29' title='bbox 373 813 508 876; x_wconf 73' lang='lat' dir='ltr'><strong>praefectus.</strong></span> <span class='ocrx_word' id='word_1_30' title='bbox 517 814 575 860; x_wconf 87' lang='lat' dir='ltr'><strong>Vid.</strong></span> <span class='ocrx_word' id='word_1_31' title='bbox 582 815 638 861; x_wconf 88' lang='lat' dir='ltr'><strong>Tac.</strong></span> <span class='ocrx_word' id='word_1_32' title='bbox 648 815 712 861; x_wconf 81' lang='lat' dir='ltr'><strong>fflst.</strong></span> <span class='ocrx_word' id='word_1_33' title='bbox 722 815 766 872; x_wconf 84' lang='lat' dir='ltr'><strong>IV,</strong></span> <span class='ocrx_word' id='word_1_34' title='bbox 775 809 817 862; x_wconf 85' lang='grc'><strong>55.</strong></span> <span class='ocrx_word' id='word_1_35' title='bbox 827 815 906 872; x_wconf 78' lang='lat' dir='ltr'><strong>sator,</strong></span> <span class='ocrx_word' id='word_1_36' title='bbox 916 828 955 860; x_wconf 87' lang='lat' dir='ltr'><strong>ro.</strong></span> <span class='ocrx_word' id='word_1_37' title='bbox 965 813 1033 872; x_wconf 85' lang='lat' dir='ltr'><strong>Tuto,</strong></span> <span class='ocrx_word' id='word_1_38' title='bbox 1040 807 1083 861; x_wconf 86' lang='grc'><strong>65.</strong></span> <span class='ocrx_word' id='word_1_39' title='bbox 1092 812 1171 858; x_wconf 83' lang='lat' dir='ltr'><strong>Tutor</strong></span> <span class='ocrx_word' id='word_1_40' title='bbox 1176 813 1240 871; x_wconf 84' lang='lat' dir='ltr'><strong>conj.</strong></span> 
     </span>
     <span class='ocr_line' id='line_1_5' title="bbox 176 881 1242 960; baseline 0.007 -25"><span class='ocrx_word' id='word_1_41' title='bbox 176 889 301 954; x_wconf 64' lang='lat' dir='ltr'><strong>rtrum,</strong></span> <span class='ocrx_word' id='word_1_42' title='bbox 312 905 339 941; x_wconf 68' lang='lat' dir='ltr'><strong>us</strong></span> <span class='ocrx_word' id='word_1_43' title='bbox 347 894 488 960; x_wconf 75' lang='lat' dir='ltr'><strong>designetur</strong></span> <span class='ocrx_word' id='word_1_44' title='bbox 496 906 562 944; x_wconf 70' lang='lat' dir='ltr'><strong>susos</strong></span> <span class='ocrx_word' id='word_1_45' title='bbox 571 896 736 960; x_wconf 61' lang='lat' dir='ltr'><strong>prouocatus,</strong></span> <span class='ocrx_word' id='word_1_46' title='bbox 745 896 790 960; x_wconf 74' lang='lat' dir='ltr'><strong>qa</strong></span> <span class='ocrx_word' id='word_1_47' title='bbox 800 896 829 944; x_wconf 70' lang='lat' dir='ltr'><strong>aa</strong></span> <span class='ocrx_word' id='word_1_48' title='bbox 838 895 980 958; x_wconf 65' lang='lat' dir='ltr'><strong>mancipas</strong></span> <span class='ocrx_word' id='word_1_49' title='bbox 989 894 1149 958; x_wconf 57' lang='lat' dir='ltr'><strong>fusasque</strong></span> <span class='ocrx_word' id='word_1_50' title='bbox 1157 881 1242 942; x_wconf 69' lang='lat' dir='ltr'><strong>nom</strong></span> 
     </span>
     <span class='ocr_line' id='line_1_6' title="bbox 178 972 745 1040; baseline 0.011 -20"><span class='ocrx_word' id='word_1_51' title='bbox 178 972 292 1023; x_wconf 83' lang='lat' dir='ltr'><strong>tribunus</strong></span> <span class='ocrx_word' id='word_1_52' title='bbox 306 976 341 1040; x_wconf 92' lang='lat' dir='ltr'><strong>pl.</strong></span> <span class='ocrx_word' id='word_1_53' title='bbox 742 1011 745 1026; x_wconf 89' lang='lat'><strong>.</strong></span> 
     </span>
    </p>

    <p class='ocr_par' dir='ltr' id='par_1_3' title="bbox 176 1063 1248 1475">
     <span class='ocr_line' id='line_1_7' title="bbox 212 1063 1244 1141; baseline 0.007 -25"><span class='ocrx_word' id='word_1_54' title='bbox 212 1063 281 1118; x_wconf 81' lang='lat' dir='ltr'><strong>Nor.</strong></span> <span class='ocrx_word' id='word_1_55' title='bbox 301 1067 345 1132; x_wconf 82' lang='lat'><strong>93.</strong></span> <span class='ocrx_word' id='word_1_56' title='bbox 366 1069 464 1136; x_wconf 81' lang='lat' dir='ltr'><strong>Capito,</strong></span> <span class='ocrx_word' id='word_1_57' title='bbox 479 1067 651 1122; x_wconf 72' lang='lat' dir='ltr'><strong>Cossutianus</strong></span> <span class='ocrx_word' id='word_1_58' title='bbox 664 1068 774 1141; x_wconf 85' lang='lat' dir='ltr'><strong>Capito,</strong></span> <span class='ocrx_word' id='word_1_59' title='bbox 792 1068 920 1141; x_wconf 79' lang='lat' dir='ltr'><strong>Tigellini</strong></span> <span class='ocrx_word' id='word_1_60' title='bbox 933 1087 1015 1139; x_wconf 74' lang='lat' dir='ltr'><strong>gener</strong></span> <span class='ocrx_word' id='word_1_61' title='bbox 1024 1081 1052 1121; x_wconf 90' lang='lat' dir='ltr'><strong>et</strong></span> <span class='ocrx_word' id='word_1_62' title='bbox 1063 1068 1164 1122; x_wconf 78' lang='lat' dir='ltr'><strong>Cilicio</strong></span> <span class='ocrx_word' id='word_1_63' title='bbox 1177 1087 1244 1141; x_wconf 75' lang='lat' dir='ltr'><strong>pro·</strong></span> 
     </span>
     <span class='ocr_line' id='line_1_8' title="bbox 176 1145 1244 1224; baseline 0.007 -26"><span class='ocrx_word' id='word_1_64' title='bbox 176 1145 280 1214; x_wconf 76' lang='lat' dir='ltr'><strong>fectus,</strong></span> <span class='ocrx_word' id='word_1_65' title='bbox 301 1149 360 1220; x_wconf 84' lang='lat' dir='ltr'><strong>lege</strong></span> <span class='ocrx_word' id='word_1_66' title='bbox 378 1151 586 1222; x_wconf 87' lang='lat' dir='ltr'><strong>repetundarum</strong></span> <span class='ocrx_word' id='word_1_67' title='bbox 603 1151 777 1206; x_wconf 83' lang='lat' dir='ltr'><strong>damnatua.¹</strong></span> <span class='ocrx_word' id='word_1_68' title='bbox 799 1183 834 1193; x_wconf 89' lang='lat'>—</span> <span class='ocrx_word' id='word_1_69' title='bbox 849 1153 963 1203; x_wconf 78' lang='lat' dir='ltr'><strong>Numitor</strong></span> <span class='ocrx_word' id='word_1_70' title='bbox 978 1151 1048 1204; x_wconf 78' lang='lat' dir='ltr'><strong>forte</strong></span> <span class='ocrx_word' id='word_1_71' title='bbox 1062 1150 1149 1216; x_wconf 89' lang='lat' dir='ltr'><strong>idem,</strong></span> <span class='ocrx_word' id='word_1_72' title='bbox 1170 1155 1244 1224; x_wconf 85' lang='lat' dir='ltr'><strong>cujus</strong></span> 
     </span>
     <span class='ocr_line' id='line_1_9' title="bbox 178 1233 1247 1308; baseline 0.006 -25"><span class='ocrx_word' id='word_1_73' title='bbox 178 1242 258 1302; x_wconf 87' lang='lat' dir='ltr'><strong>poeta</strong></span> <span class='ocrx_word' id='word_1_74' title='bbox 268 1233 339 1296; x_wconf 86' lang='lat' dir='ltr'><strong>VII,</strong></span> <span class='ocrx_word' id='word_1_75' title='bbox 353 1240 401 1304; x_wconf 87' lang='grc'><strong>74,</strong></span> <span class='ocrx_word' id='word_1_76' title='bbox 412 1235 541 1289; x_wconf 78' lang='lat' dir='ltr'><strong>meminit</strong></span> <span class='ocrx_word' id='word_1_77' title='bbox 553 1237 631 1290; x_wconf 82' lang='lat' dir='ltr'><strong>Coni.</strong></span> <span class='ocrx_word' id='word_1_78' title='bbox 642 1238 709 1289; x_wconf 82' lang='lat' dir='ltr'><strong>Vas.</strong></span> <span class='ocrx_word' id='word_1_79' title='bbox 724 1237 796 1289; x_wconf 86' lang='lat' dir='ltr'><strong>Lect.</strong></span> <span class='ocrx_word' id='word_1_80' title='bbox 807 1267 844 1278; x_wconf 89' lang='lat'><strong>·-</strong></span> <span class='ocrx_word' id='word_1_81' title='bbox 855 1238 962 1302; x_wconf 83' lang='lat' dir='ltr'><strong>Piratoe,</strong></span> <span class='ocrx_word' id='word_1_82' title='bbox 975 1233 1137 1306; x_wconf 81' lang='lat' dir='ltr'><strong>direptores,</strong></span> <span class='ocrx_word' id='word_1_83' title='bbox 1150 1237 1247 1308; x_wconf 91' lang='lat' dir='ltr'><strong>spolia·</strong></span> 
     </span>
     <span class='ocr_line' id='line_1_10' title="bbox 178 1317 1248 1391; baseline 0.007 -26"><span class='ocrx_word' id='word_1_84' title='bbox 178 1325 258 1377; x_wconf 84' lang='lat' dir='ltr'><strong>tores,</strong></span> <span class='ocrx_word' id='word_1_85' title='bbox 271 1317 385 1379; x_wconf 66' lang='lat' dir='ltr'><strong>Cilicum</strong></span> <span class='ocrx_word' id='word_1_86' title='bbox 396 1318 478 1382; x_wconf 87' lang='lat' dir='ltr'><strong>salse,</strong></span> <span class='ocrx_word' id='word_1_87' title='bbox 494 1319 572 1391; x_wconf 85' lang='lat' dir='ltr'><strong>qnasi</strong></span> <span class='ocrx_word' id='word_1_88' title='bbox 581 1317 721 1391; x_wconf 77' lang='lat' dir='ltr'><strong>praedones</strong></span> <span class='ocrx_word' id='word_1_89' title='bbox 731 1317 903 1386; x_wconf 78' lang='lat' dir='ltr'><strong>praedonum,</strong></span> <span class='ocrx_word' id='word_1_90' title='bbox 915 1317 1012 1371; x_wconf 88' lang='lat' dir='ltr'><strong>summi</strong></span> <span class='ocrx_word' id='word_1_91' title='bbox 1019 1317 1175 1390; x_wconf 86' lang='lat' dir='ltr'><strong>praedones:</strong></span> <span class='ocrx_word' id='word_1_92' title='bbox 1185 1337 1248 1372; x_wconf 86' lang='lat' dir='ltr'><strong>nam</strong></span> 
     </span>
     <span class='ocr_line' id='line_1_11' title="bbox 181 1398 951 1475; baseline 0.008 -29"><span class='ocrx_word' id='word_1_93' title='bbox 181 1398 267 1449; x_wconf 77' lang='lat' dir='ltr'><strong>Cilices</strong></span> <span class='ocrx_word' id='word_1_94' title='bbox 275 1398 388 1454; x_wconf 77' lang='lat' dir='ltr'><strong>infames</strong></span> <span class='ocrx_word' id='word_1_95' title='bbox 395 1401 474 1455; x_wconf 82' lang='lat' dir='ltr'><strong>¹luere</strong></span> <span class='ocrx_word' id='word_1_96' title='bbox 485 1403 593 1475; x_wconf 78' lang='lat' dir='ltr'><strong>piretu,</strong></span> <span class='ocrx_word' id='word_1_97' title='bbox 605 1422 673 1475; x_wconf 89' lang='lat' dir='ltr'><strong>quos</strong></span> <span class='ocrx_word' id='word_1_98' title='bbox 683 1401 789 1455; x_wconf 82' lang='lat' dir='ltr'><strong>domuit</strong></span> <span class='ocrx_word' id='word_1_99' title='bbox 797 1401 951 1471; x_wconf 88' lang='lat' dir='ltr'><strong>Pompeios.</strong></span> 
     </span>
    </p>
   </div>
   <div class='ocr_carea' id='block_1_3' title="bbox 179 1495 1250 1903">
    <p class='ocr_par' dir='ltr' id='par_1_4' title="bbox 179 1495 1250 1903">
     <span class='ocr_line' id='line_1_12' title="bbox 214 1495 1248 1573; baseline 0.005 -27"><span class='ocrx_word' id='word_1_100' title='bbox 214 1495 284 1548; x_wconf 83' lang='lat' dir='ltr'><strong>Noa.</strong></span> <span class='ocrx_word' id='word_1_101' title='bbox 305 1502 435 1563; x_wconf 68' lang='lat' dir='ltr'><strong>osi-rra.</strong></span> <span class='ocrx_word' id='word_1_102' title='bbox 454 1500 572 1552; x_wconf 80' lang='lat' dir='ltr'><strong>Notatur</strong></span> <span class='ocrx_word' id='word_1_103' title='bbox 585 1499 679 1573; x_wconf 89' lang='lat' dir='ltr'><strong>iniqua</strong></span> <span class='ocrx_word' id='word_1_104' title='bbox 687 1513 712 1552; x_wconf 89' lang='lat' dir='ltr'><strong>et</strong></span> <span class='ocrx_word' id='word_1_105' title='bbox 721 1498 932 1572; x_wconf 81' lang='lat' dir='ltr'><strong>provinciarum,</strong></span> <span class='ocrx_word' id='word_1_106' title='bbox 943 1509 970 1551; x_wconf 83' lang='lat' dir='ltr'><strong>et</strong></span> <span class='ocrx_word' id='word_1_107' title='bbox 976 1495 1143 1569; x_wconf 85' lang='lat' dir='ltr'><strong>judiciorum</strong></span> <span class='ocrx_word' id='word_1_108' title='bbox 1153 1496 1248 1552; x_wconf 89' lang='lat' dir='ltr'><strong>condi·</strong></span> 
     </span>
     <span class='ocr_line' id='line_1_13' title="bbox 179 1575 1249 1652; baseline -0.007 -13"><span class='ocrx_word' id='word_1_109' title='bbox 179 1575 233 1639; x_wconf 87' lang='lat' dir='ltr'><strong>tio,</strong></span> <span class='ocrx_word' id='word_1_110' title='bbox 248 1589 279 1630; x_wconf 87' lang='lat' dir='ltr'><strong>ut</strong></span> <span class='ocrx_word' id='word_1_111' title='bbox 292 1578 319 1642; x_wconf 87' lang='lat'><strong>1,</strong></span> <span class='ocrx_word' id='word_1_112' title='bbox 336 1585 369 1649; x_wconf 90' lang='grc'><strong>47</strong></span> <span class='ocrx_word' id='word_1_113' title='bbox 382 1597 437 1652; x_wconf 87' lang='lat' dir='ltr'><strong>seq.</strong></span> <span class='ocrx_word' id='word_1_114' title='bbox 449 1610 485 1620; x_wconf 92' lang='lat'><em>-</em></span> <span class='ocrx_word' id='word_1_115' title='bbox 498 1581 636 1636; x_wconf 82' lang='lat' dir='ltr'><strong>Correotio</strong></span> <span class='ocrx_word' id='word_1_116' title='bbox 647 1595 700 1648; x_wconf 83' lang='lat' dir='ltr'><strong>est,</strong></span> <span class='ocrx_word' id='word_1_117' title='bbox 713 1595 744 1635; x_wconf 89' lang='lat' dir='ltr'><strong>ut</strong></span> <span class='ocrx_word' id='word_1_118' title='bbox 758 1583 796 1635; x_wconf 88' lang='lat' dir='ltr'><strong>ait</strong></span> <span class='ocrx_word' id='word_1_119' title='bbox 810 1581 926 1634; x_wconf 79' lang='lat' dir='ltr'><strong>Famalr.</strong></span> <span class='ocrx_word' id='word_1_120' title='bbox 940 1582 1006 1647; x_wconf 81' lang='lat' dir='ltr'><strong>Quid</strong></span> <span class='ocrx_word' id='word_1_121' title='bbox 1017 1581 1127 1649; x_wconf 81' lang='lat' dir='ltr'><strong>consere,</strong></span> <span class='ocrx_word' id='word_1_122' title='bbox 1138 1579 1249 1652; x_wconf 88' lang='lat' dir='ltr'><strong>prodest</strong></span> 
     </span>
     <span class='ocr_line' id='line_1_14' title="bbox 179 1659 1250 1738; baseline 0.003 -25"><span class='ocrx_word' id='word_1_123' title='bbox 179 1661 324 1731; x_wconf 83' lang='lat' dir='ltr'><strong>provinciis</strong></span> <span class='ocrx_word' id='word_1_124' title='bbox 340 1662 473 1735; x_wconf 86' lang='lat' dir='ltr'><strong>quosdam</strong></span> <span class='ocrx_word' id='word_1_125' title='bbox 490 1664 663 1719; x_wconf 86' lang='lat' dir='ltr'><strong>condemnari</strong></span> <span class='ocrx_word' id='word_1_126' title='bbox 681 1665 858 1738; x_wconf 73' lang='lat' dir='ltr'><strong>spoliatores,</strong></span> <span class='ocrx_word' id='word_1_127' title='bbox 875 1663 898 1715; x_wconf 88' lang='lat' dir='ltr'><strong>ai</strong></span> <span class='ocrx_word' id='word_1_128' title='bbox 916 1659 1050 1718; x_wconf 80' lang='lat' dir='ltr'><strong>veteribus</strong></span> <span class='ocrx_word' id='word_1_129' title='bbox 1067 1663 1131 1717; x_wconf 83' lang='lat' dir='ltr'><strong>novi</strong></span> <span class='ocrx_word' id='word_1_130' title='bbox 1146 1664 1250 1735; x_wconf 86' lang='lat' dir='ltr'><strong>pejores</strong></span> 
     </span>
     <span class='ocr_line' id='line_1_15' title="bbox 179 1742 1250 1820; baseline 0.006 -26"><span class='ocrx_word' id='word_1_131' title='bbox 179 1742 325 1798; x_wconf 85' lang='lat' dir='ltr'><strong>succedant</strong></span> <span class='ocrx_word' id='word_1_132' title='bbox 339 1758 366 1800; x_wconf 86' lang='lat' dir='ltr'><strong>et</strong></span> <span class='ocrx_word' id='word_1_133' title='bbox 377 1746 563 1800; x_wconf 81' lang='lat' dir='ltr'><strong>sufficiantur?</strong></span> <span class='ocrx_word' id='word_1_134' title='bbox 578 1750 748 1820; x_wconf 85' lang='lat' dir='ltr'><strong>nequeenim</strong></span> <span class='ocrx_word' id='word_1_135' title='bbox 762 1747 977 1820; x_wconf 84' lang='lat' dir='ltr'><strong>provincialibus</strong></span> <span class='ocrx_word' id='word_1_136' title='bbox 987 1746 1035 1799; x_wconf 86' lang='lat' dir='ltr'><strong>illa</strong></span> <span class='ocrx_word' id='word_1_137' title='bbox 1049 1746 1164 1819; x_wconf 85' lang='lat' dir='ltr'><strong>pecunia</strong></span> <span class='ocrx_word' id='word_1_138' title='bbox 1173 1745 1250 1800; x_wconf 87' lang='lat' dir='ltr'><strong>resti·</strong></span> 
     </span>
     <span class='ocr_line' id='line_1_16' title="bbox 180 1828 897 1903; baseline 0.006 -23"><span class='ocrx_word' id='word_1_139' title='bbox 180 1828 318 1889; x_wconf 88' lang='lat' dir='ltr'><strong>tuebatur,</strong></span> <span class='ocrx_word' id='word_1_140' title='bbox 333 1829 397 1884; x_wconf 87' lang='lat' dir='ltr'><strong>licet</strong></span> <span class='ocrx_word' id='word_1_141' title='bbox 407 1831 566 1903; x_wconf 76' lang='lat' dir='ltr'><strong>spoliatores</strong></span> <span class='ocrx_word' id='word_1_142' title='bbox 578 1832 831 1888; x_wconf 79' lang='lat' dir='ltr'><strong>condemnarentur.</strong></span> <span class='ocrx_word' id='word_1_143' title='bbox 845 1832 897 1884; x_wconf 89' lang='lat' dir='ltr'><strong>En.</strong></span> 
     </span>
    </p>
   </div>
   <div class='ocr_carea' id='block_1_4' title="bbox 180 1967 1301 3134">
    <p class='ocr_par' dir='ltr' id='par_1_5' title="bbox 184 1967 1301 2122">
     <span class='ocr_line' id='line_1_17' title="bbox 215 1967 1301 2042; baseline -0.002 -19"><span class='ocrx_word' id='word_1_144' title='bbox 215 1973 284 2023; x_wconf 81' lang='lat' dir='ltr'><strong>Vas.</strong></span> <span class='ocrx_word' id='word_1_145' title='bbox 294 1971 346 2038; x_wconf 83' lang='grc'><strong>·95.</strong></span> <span class='ocrx_word' id='word_1_146' title='bbox 364 1974 471 2041; x_wconf 76' lang='lat' dir='ltr'><strong>an&#39;piee,</strong></span> <span class='ocrx_word' id='word_1_147' title='bbox 488 1993 519 2040; x_wconf 87' lang='lat'><strong>¹9</strong></span> <span class='ocrx_word' id='word_1_148' title='bbox 531 1994 544 2026; x_wconf 84' lang='lat' dir='ltr'><strong>a</strong></span> <span class='ocrx_word' id='word_1_149' title='bbox 555 1995 594 2042; x_wconf 87' lang='lat' dir='ltr'><strong>pr.</strong></span> <span class='ocrx_word' id='word_1_150' title='bbox 605 1993 638 2025; x_wconf 87' lang='lat' dir='ltr'><strong>m.</strong></span> <span class='ocrx_word' id='word_1_151' title='bbox 649 2005 684 2015; x_wconf 94' lang='lat'>-</span> <span class='ocrx_word' id='word_1_152' title='bbox 693 1978 789 2038; x_wconf 84' lang='lat' dir='ltr'><strong>Noeta,</strong></span> <span class='ocrx_word' id='word_1_153' title='bbox 802 1993 843 2039; x_wconf 78' lang='lat'><strong>19,</strong></span> <span class='ocrx_word' id='word_1_154' title='bbox 852 1975 895 2034; x_wconf 75' lang='lat'><strong>23,</strong></span> <span class='ocrx_word' id='word_1_155' title='bbox 906 1983 954 2034; x_wconf 79' lang='lat' dir='ltr'><strong>at,</strong></span> <span class='ocrx_word' id='word_1_156' title='bbox 969 1983 1012 2036; x_wconf 81' lang='grc'><strong>49,</strong></span> <span class='ocrx_word' id='word_1_157' title='bbox 1023 1967 1065 2034; x_wconf 79' lang='grc'><strong>50,</strong></span> <span class='ocrx_word' id='word_1_158' title='bbox 1079 1967 1122 2034; x_wconf 75' lang='grc'><strong>58,</strong></span> <span class='ocrx_word' id='word_1_159' title='bbox 1131 1973 1251 2030; x_wconf 61' lang='lat' dir='ltr'><strong>efflato</strong></span> <span class='ocrx_word' id='word_1_160' title='bbox 1297 2003 1301 2016; x_wconf 84' lang='lat'><strong>·</strong></span> 
     </span>
     <span class='ocr_line' id='line_1_18' title="bbox 184 2056 744 2122; baseline -0.002 -14"><span class='ocrx_word' id='word_1_161' title='bbox 184 2056 225 2116; x_wconf 74' lang='lat'><strong>18,</strong></span> <span class='ocrx_word' id='word_1_162' title='bbox 235 2073 277 2116; x_wconf 70' lang='grc' dir='ltr'><strong>Μ,</strong></span> <span class='ocrx_word' id='word_1_163' title='bbox 290 2061 331 2121; x_wconf 83' lang='grc'><strong>45,</strong></span> <span class='ocrx_word' id='word_1_164' title='bbox 340 2061 382 2119; x_wconf 89' lang='grc'><strong>46,</strong></span> <span class='ocrx_word' id='word_1_165' title='bbox 393 2061 435 2109; x_wconf 84' lang='lat'><strong>61.</strong></span> <span class='ocrx_word' id='word_1_166' title='bbox 448 2087 483 2098; x_wconf 87' lang='lat'>-</span> <span class='ocrx_word' id='word_1_167' title='bbox 494 2059 637 2122; x_wconf 73' lang='lat' dir='ltr'><strong>Relinquit,</strong></span> <span class='ocrx_word' id='word_1_168' title='bbox 650 2059 690 2118; x_wconf 84' lang='lat'><strong>16,</strong></span> <span class='ocrx_word' id='word_1_169' title='bbox 702 2061 744 2107; x_wconf 81' lang='lat'><strong>61.</strong></span> 
     </span>
    </p>

    <p class='ocr_par' dir='ltr' id='par_1_6' title="bbox 180 2145 1255 3134">
     <span class='ocr_line' id='line_1_19' title="bbox 215 2145 1253 2220; baseline 0 -20"><span class='ocrx_word' id='word_1_170' title='bbox 215 2149 285 2200; x_wconf 83' lang='lat' dir='ltr'><strong>Nor.</strong></span> <span class='ocrx_word' id='word_1_171' title='bbox 306 2149 349 2217; x_wconf 82' lang='grc'><strong>95.</strong></span> <span class='ocrx_word' id='word_1_172' title='bbox 371 2155 457 2201; x_wconf 80' lang='lat' dir='ltr'><strong>Pansa</strong></span> <span class='ocrx_word' id='word_1_173' title='bbox 470 2162 498 2202; x_wconf 87' lang='lat' dir='ltr'><strong>et</strong></span> <span class='ocrx_word' id='word_1_174' title='bbox 510 2153 588 2200; x_wconf 81' lang='lat' dir='ltr'><strong>Natta</strong></span> <span class='ocrx_word' id='word_1_175' title='bbox 608 2149 700 2220; x_wconf 80' lang='lat' dir='ltr'><strong>ignota</strong></span> <span class='ocrx_word' id='word_1_176' title='bbox 716 2146 861 2220; x_wconf 77' lang='lat' dir='ltr'><strong>praesidum</strong></span> <span class='ocrx_word' id='word_1_177' title='bbox 875 2149 985 2201; x_wconf 89' lang='lat' dir='ltr'><strong>uomina</strong></span> <span class='ocrx_word' id='word_1_178' title='bbox 1000 2166 1057 2202; x_wconf 84' lang='lat' dir='ltr'><strong>esee</strong></span> <span class='ocrx_word' id='word_1_179' title='bbox 1069 2145 1208 2214; x_wconf 78' lang='lat' dir='ltr'><strong>ridentur,</strong></span> <span class='ocrx_word' id='word_1_180' title='bbox 1222 2160 1253 2200; x_wconf 89' lang='lat' dir='ltr'><strong>ut</strong></span> 
     </span>
     <span class='ocr_line' id='line_1_20' title="bbox 180 2229 1253 2305; baseline 0 -21"><span class='ocrx_word' id='word_1_181' title='bbox 180 2231 271 2304; x_wconf 87' lang='lat' dir='ltr'><strong>itaque</strong></span> <span class='ocrx_word' id='word_1_182' title='bbox 280 2249 373 2285; x_wconf 85' lang='lat' dir='ltr'><strong>sensus</strong></span> <span class='ocrx_word' id='word_1_183' title='bbox 383 2232 432 2285; x_wconf 89' lang='lat' dir='ltr'><strong>sit:</strong></span> <span class='ocrx_word' id='word_1_184' title='bbox 443 2251 526 2304; x_wconf 87' lang='lat' dir='ltr'><strong>quum</strong></span> <span class='ocrx_word' id='word_1_185' title='bbox 532 2233 605 2284; x_wconf 88' lang='lat' dir='ltr'><strong>malo</strong></span> <span class='ocrx_word' id='word_1_186' title='bbox 615 2231 743 2305; x_wconf 73' lang='lat' dir='ltr'><strong>prefecto</strong></span> <span class='ocrx_word' id='word_1_187' title='bbox 751 2242 808 2284; x_wconf 83' lang='lat' dir='ltr'><strong>nou</strong></span> <span class='ocrx_word' id='word_1_188' title='bbox 815 2231 919 2294; x_wconf 86' lang='lat' dir='ltr'><strong>melior,</strong></span> <span class='ocrx_word' id='word_1_189' title='bbox 927 2229 974 2284; x_wconf 88' lang='lat' dir='ltr'><strong>sed</strong></span> <span class='ocrx_word' id='word_1_190' title='bbox 981 2233 1025 2284; x_wconf 83' lang='lat' dir='ltr'><strong>vel</strong></span> <span class='ocrx_word' id='word_1_191' title='bbox 1034 2231 1111 2302; x_wconf 87' lang='lat' dir='ltr'><strong>pejor</strong></span> <span class='ocrx_word' id='word_1_192' title='bbox 1117 2229 1253 2284; x_wconf 86' lang='lat' dir='ltr'><strong>succedat.</strong></span> 
     </span>
     <span class='ocr_line' id='line_1_21' title="bbox 182 2307 1252 2378; baseline -0.003 -10"><span class='ocrx_word' id='word_1_193' title='bbox 182 2315 316 2368; x_wconf 87' lang='lat' dir='ltr'><strong>Nonnulli</strong></span> <span class='ocrx_word' id='word_1_194' title='bbox 326 2315 436 2366; x_wconf 89' lang='lat' dir='ltr'><strong>nomine</strong></span> <span class='ocrx_word' id='word_1_195' title='bbox 450 2319 534 2366; x_wconf 73' lang='lat' dir='ltr'><strong>Natta</strong></span> <span class='ocrx_word' id='word_1_196' title='bbox 545 2316 573 2368; x_wconf 89' lang='lat' dir='ltr'><strong>h.</strong></span> <span class='ocrx_word' id='word_1_197' title='bbox 587 2307 639 2368; x_wconf 84' lang='lat' dir='ltr'><strong>loe.</strong></span> <span class='ocrx_word' id='word_1_198' title='bbox 654 2314 788 2377; x_wconf 83' lang='lat' dir='ltr'><strong>Marium,</strong></span> <span class='ocrx_word' id='word_1_199' title='bbox 805 2326 831 2366; x_wconf 92' lang='lat' dir='ltr'><strong>et</strong></span> <span class='ocrx_word' id='word_1_200' title='bbox 842 2317 933 2364; x_wconf 72' lang='lat' dir='ltr'><strong>Pausa</strong></span> <span class='ocrx_word' id='word_1_201' title='bbox 947 2311 1084 2378; x_wconf 74' lang='lat' dir='ltr'><strong>orarium,</strong></span> <span class='ocrx_word' id='word_1_202' title='bbox 1097 2311 1140 2365; x_wconf 81' lang='lat' dir='ltr'><strong>vel</strong></span> <span class='ocrx_word' id='word_1_203' title='bbox 1153 2330 1252 2366; x_wconf 82' lang='lat' dir='ltr'><strong>cousu-</strong></span> 
     </span>
     <span class='ocr_line' id='line_1_22' title="bbox 182 2395 1252 2470; baseline 0 -20"><span class='ocrx_word' id='word_1_204' title='bbox 182 2398 246 2460; x_wconf 87' lang='lat' dir='ltr'><strong>lem,</strong></span> <span class='ocrx_word' id='word_1_205' title='bbox 258 2416 305 2450; x_wconf 85' lang='lat' dir='ltr'><strong>seu</strong></span> <span class='ocrx_word' id='word_1_206' title='bbox 316 2409 466 2469; x_wconf 81' lang='lat' dir='ltr'><strong>praetorem,</strong></span> <span class='ocrx_word' id='word_1_207' title='bbox 475 2397 520 2452; x_wconf 81' lang='lat' dir='ltr'><strong>vel</strong></span> <span class='ocrx_word' id='word_1_208' title='bbox 532 2409 617 2450; x_wconf 88' lang='lat' dir='ltr'><strong>totum</strong></span> <span class='ocrx_word' id='word_1_209' title='bbox 626 2396 718 2470; x_wconf 89' lang='lat' dir='ltr'><strong>potius</strong></span> <span class='ocrx_word' id='word_1_210' title='bbox 730 2409 851 2450; x_wconf 88' lang='lat' dir='ltr'><strong>senatum</strong></span> <span class='ocrx_word' id='word_1_211' title='bbox 862 2415 1003 2449; x_wconf 89' lang='lat' dir='ltr'><strong>romanum</strong></span> <span class='ocrx_word' id='word_1_212' title='bbox 1013 2395 1167 2467; x_wconf 83' lang='lat' dir='ltr'><strong>significari,</strong></span> <span class='ocrx_word' id='word_1_213' title='bbox 1182 2396 1252 2450; x_wconf 88' lang='lat' dir='ltr'><strong>etad</strong></span> 
     </span>
     <span class='ocr_line' id='line_1_23' title="bbox 184 2478 1253 2552; baseline 0.001 -20"><span class='ocrx_word' id='word_1_214' title='bbox 184 2478 385 2533; x_wconf 82' lang='lat' dir='ltr'><strong>damnationem</strong></span> <span class='ocrx_word' id='word_1_215' title='bbox 398 2479 481 2532; x_wconf 86' lang='lat' dir='ltr'><strong>Marii</strong></span> <span class='ocrx_word' id='word_1_216' title='bbox 494 2479 594 2544; x_wconf 79' lang='lat' dir='ltr'><strong>Psisci,</strong></span> <span class='ocrx_word' id='word_1_217' title='bbox 608 2481 778 2552; x_wconf 85' lang='lat' dir='ltr'><strong>proconsulis</strong></span> <span class='ocrx_word' id='word_1_218' title='bbox 790 2481 901 2547; x_wconf 74' lang='lat' dir='ltr'><strong>Africo,</strong></span> <span class='ocrx_word' id='word_1_219' title='bbox 919 2479 1017 2551; x_wconf 85' lang='lat' dir='ltr'><strong>respici</strong></span> <span class='ocrx_word' id='word_1_220' title='bbox 1029 2491 1140 2551; x_wconf 88' lang='lat' dir='ltr'><strong>putant,</strong></span> <span class='ocrx_word' id='word_1_221' title='bbox 1155 2480 1203 2552; x_wconf 88' lang='lat' dir='ltr'><strong>qui</strong></span> <span class='ocrx_word' id='word_1_222' title='bbox 1216 2481 1253 2533; x_wconf 88' lang='lat' dir='ltr'><strong>ob</strong></span> 
     </span>
     <span class='ocr_line' id='line_1_24' title="bbox 182 2559 1253 2635; baseline -0.001 -18"><span class='ocrx_word' id='word_1_223' title='bbox 182 2565 338 2617; x_wconf 89' lang='lat' dir='ltr'><strong>innocentes</strong></span> <span class='ocrx_word' id='word_1_224' title='bbox 348 2559 568 2616; x_wconf 88' lang='lat' dir='ltr'><strong>condemnandos</strong></span> <span class='ocrx_word' id='word_1_225' title='bbox 577 2564 745 2635; x_wconf 77' lang='lat' dir='ltr'><strong>septingenta</strong></span> <span class='ocrx_word' id='word_1_226' title='bbox 755 2563 841 2616; x_wconf 88' lang='lat' dir='ltr'><strong>millia</strong></span> <span class='ocrx_word' id='word_1_227' title='bbox 854 2560 1001 2634; x_wconf 87' lang='lat' dir='ltr'><strong>acceperit,</strong></span> <span class='ocrx_word' id='word_1_228' title='bbox 1010 2580 1070 2634; x_wconf 77' lang='lat' dir='ltr'><strong>qum</strong></span> <span class='ocrx_word' id='word_1_229' title='bbox 1080 2573 1187 2616; x_wconf 77' lang='lat' dir='ltr'><strong>amatus</strong></span> <span class='ocrx_word' id='word_1_230' title='bbox 1197 2583 1253 2616; x_wconf 88' lang='lat' dir='ltr'><strong>nou</strong></span> 
     </span>
     <span class='ocr_line' id='line_1_25' title="bbox 182 2643 1253 2719; baseline 0.003 -22"><span class='ocrx_word' id='word_1_231' title='bbox 182 2643 395 2718; x_wconf 79' lang='lat' dir='ltr'><strong>provincialibus</strong></span> <span class='ocrx_word' id='word_1_232' title='bbox 406 2643 559 2710; x_wconf 88' lang='lat' dir='ltr'><strong>reddenda,</strong></span> <span class='ocrx_word' id='word_1_233' title='bbox 576 2645 623 2700; x_wconf 84' lang='lat' dir='ltr'><strong>aed</strong></span> <span class='ocrx_word' id='word_1_234' title='bbox 641 2646 735 2700; x_wconf 71' lang='lat' dir='ltr'><strong>erario</strong></span> <span class='ocrx_word' id='word_1_235' title='bbox 752 2645 894 2700; x_wconf 78' lang='lat' dir='ltr'><strong>inferenda</strong></span> <span class='ocrx_word' id='word_1_236' title='bbox 911 2645 1058 2711; x_wconf 84' lang='lat' dir='ltr'><strong>censuerit;</strong></span> <span class='ocrx_word' id='word_1_237' title='bbox 1074 2645 1175 2719; x_wconf 85' lang='lat' dir='ltr'><strong>dequo</strong></span> <span class='ocrx_word' id='word_1_238' title='bbox 1190 2645 1253 2700; x_wconf 83' lang='lat' dir='ltr'><strong>vide</strong></span> 
     </span>
     <span class='ocr_line' id='line_1_26' title="bbox 184 2727 1253 2800; baseline 0.001 -19"><span class='ocrx_word' id='word_1_239' title='bbox 184 2729 216 2795; x_wconf 93' lang='lat'><strong>1,</strong></span> <span class='ocrx_word' id='word_1_240' title='bbox 232 2734 265 2798; x_wconf 87' lang='grc'><strong>47</strong></span> <span class='ocrx_word' id='word_1_241' title='bbox 278 2746 332 2800; x_wconf 80' lang='lat' dir='ltr'><strong>seq.</strong></span> <span class='ocrx_word' id='word_1_242' title='bbox 342 2740 370 2781; x_wconf 86' lang='lat' dir='ltr'><strong>et</strong></span> <span class='ocrx_word' id='word_1_243' title='bbox 379 2727 450 2782; x_wconf 87' lang='lat' dir='ltr'><strong>Plin.</strong></span> <span class='ocrx_word' id='word_1_244' title='bbox 462 2730 514 2800; x_wconf 89' lang='lat' dir='ltr'><strong>Ep.</strong></span> <span class='ocrx_word' id='word_1_245' title='bbox 527 2729 570 2795; x_wconf 90' lang='lat'><strong>11,</strong></span> <span class='ocrx_word' id='word_1_246' title='bbox 585 2747 615 2782; x_wconf 86' lang='lat'><strong>11</strong></span> <span class='ocrx_word' id='word_1_247' title='bbox 631 2741 658 2783; x_wconf 88' lang='lat' dir='ltr'><strong>et</strong></span> <span class='ocrx_word' id='word_1_248' title='bbox 673 2748 714 2783; x_wconf 86' lang='lat' dir='ltr'><strong>ra.</strong></span> <span class='ocrx_word' id='word_1_249' title='bbox 731 2730 803 2782; x_wconf 83' lang='lat' dir='ltr'><strong>Huic</strong></span> <span class='ocrx_word' id='word_1_250' title='bbox 816 2728 915 2782; x_wconf 89' lang='lat' dir='ltr'><strong>rationi</strong></span> <span class='ocrx_word' id='word_1_251' title='bbox 928 2729 1102 2792; x_wconf 73' lang='lat' dir='ltr'><strong>conveniunt,</strong></span> <span class='ocrx_word' id='word_1_252' title='bbox 1119 2745 1178 2799; x_wconf 87' lang='lat' dir='ltr'><strong>quas</strong></span> <span class='ocrx_word' id='word_1_253' title='bbox 1190 2747 1253 2782; x_wconf 85' lang='lat' dir='ltr'><strong>mox</strong></span> 
     </span>
     <span class='ocr_line' id='line_1_27' title="bbox 186 2811 1254 2884; baseline 0.002 -20"><span class='ocrx_word' id='word_1_254' title='bbox 186 2823 343 2883; x_wconf 84' lang='lat' dir='ltr'><strong>sequuntur,</strong></span> <span class='ocrx_word' id='word_1_255' title='bbox 353 2824 380 2864; x_wconf 95' lang='lat' dir='ltr'><strong>et</strong></span> <span class='ocrx_word' id='word_1_256' title='bbox 392 2823 473 2884; x_wconf 89' lang='lat' dir='ltr'><strong>poeta</strong></span> <span class='ocrx_word' id='word_1_257' title='bbox 487 2813 610 2866; x_wconf 86' lang='lat' dir='ltr'><strong>consulto</strong></span> <span class='ocrx_word' id='word_1_258' title='bbox 624 2831 745 2876; x_wconf 71' lang='lat' dir='ltr'><strong>sermone</strong></span> <span class='ocrx_word' id='word_1_259' title='bbox 755 2812 844 2866; x_wconf 81' lang='lat' dir='ltr'><strong>verbis</strong></span> <span class='ocrx_word' id='word_1_260' title='bbox 860 2823 931 2866; x_wconf 88' lang='lat' dir='ltr'><strong>tecto</strong></span> <span class='ocrx_word' id='word_1_261' title='bbox 942 2811 982 2864; x_wconf 90' lang='lat' dir='ltr'><strong>uti</strong></span> <span class='ocrx_word' id='word_1_262' title='bbox 992 2812 1089 2884; x_wconf 86' lang='lat' dir='ltr'><strong>potuit.</strong></span> <span class='ocrx_word' id='word_1_263' title='bbox 1101 2812 1137 2864; x_wconf 79' lang='lat' dir='ltr'><strong>As</strong></span> <span class='ocrx_word' id='word_1_264' title='bbox 1147 2823 1254 2866; x_wconf 77' lang='lat' dir='ltr'><strong>senatus</strong></span> 
     </span>
     <span class='ocr_line' id='line_1_28' title="bbox 184 2891 1255 2970; baseline -0.002 -20"><span class='ocrx_word' id='word_1_265' title='bbox 184 2895 230 2950; x_wconf 81' lang='lat' dir='ltr'><strong>vel</strong></span> <span class='ocrx_word' id='word_1_266' title='bbox 245 2895 370 2948; x_wconf 68' lang='lat' dir='ltr'><strong>aerarium</strong></span> <span class='ocrx_word' id='word_1_267' title='bbox 384 2914 439 2948; x_wconf 91' lang='lat' dir='ltr'><strong>non</strong></span> <span class='ocrx_word' id='word_1_268' title='bbox 458 2898 546 2965; x_wconf 70' lang='lat' dir='ltr'><strong>eripuit</strong></span> <span class='ocrx_word' id='word_1_269' title='bbox 564 2895 647 2958; x_wconf 78' lang='lat' dir='ltr'><strong>Afris,</strong></span> <span class='ocrx_word' id='word_1_270' title='bbox 664 2915 723 2968; x_wconf 77' lang='lat' dir='ltr'><strong>qum</strong></span> <span class='ocrx_word' id='word_1_271' title='bbox 739 2895 843 2949; x_wconf 86' lang='lat' dir='ltr'><strong>Marius</strong></span> <span class='ocrx_word' id='word_1_272' title='bbox 858 2894 890 2946; x_wconf 90' lang='lat' dir='ltr'><strong>iis</strong></span> <span class='ocrx_word' id='word_1_273' title='bbox 904 2895 1013 2963; x_wconf 82' lang='lat' dir='ltr'><strong>reliquit,</strong></span> <span class='ocrx_word' id='word_1_274' title='bbox 1032 2891 1079 2970; x_wconf 84' lang='lat' dir='ltr'><strong>sed</strong></span> <span class='ocrx_word' id='word_1_275' title='bbox 1094 2913 1153 2965; x_wconf 77' lang='lat' dir='ltr'><strong>qum</strong></span> <span class='ocrx_word' id='word_1_276' title='bbox 1163 2894 1210 2947; x_wconf 90' lang='lat' dir='ltr'><strong>hic</strong></span> <span class='ocrx_word' id='word_1_277' title='bbox 1222 2894 1255 2948; x_wconf 87' lang='lat' dir='ltr'><strong>iis</strong></span> 
     </span>
     <span class='ocr_line' id='line_1_29' title="bbox 185 2975 1255 3052; baseline 0.001 -21"><span class='ocrx_word' id='word_1_278' title='bbox 185 2977 348 3044; x_wconf 74' lang='lat' dir='ltr'><strong>abstulerat,</strong></span> <span class='ocrx_word' id='word_1_279' title='bbox 360 2997 473 3052; x_wconf 84' lang='lat' dir='ltr'><strong>quaeque</strong></span> <span class='ocrx_word' id='word_1_280' title='bbox 482 2979 524 3032; x_wconf 89' lang='lat' dir='ltr'><strong>illi</strong></span> <span class='ocrx_word' id='word_1_281' title='bbox 533 2978 632 3032; x_wconf 85' lang='lat' dir='ltr'><strong>frustra</strong></span> <span class='ocrx_word' id='word_1_282' title='bbox 641 2979 812 3051; x_wconf 78' lang='lat' dir='ltr'><strong>repetebaut3</strong></span> <span class='ocrx_word' id='word_1_283' title='bbox 824 2977 877 3032; x_wconf 84' lang='lat' dir='ltr'><strong>nisi</strong></span> <span class='ocrx_word' id='word_1_284' title='bbox 889 2977 958 3031; x_wconf 77' lang='lat' dir='ltr'><strong>forte</strong></span> <span class='ocrx_word' id='word_1_285' title='bbox 968 2975 1056 3041; x_wconf 88' lang='lat' dir='ltr'><strong>dicas,</strong></span> <span class='ocrx_word' id='word_1_286' title='bbox 1068 2976 1141 3030; x_wconf 78' lang='lat' dir='ltr'><strong>Afris</strong></span> <span class='ocrx_word' id='word_1_287' title='bbox 1150 2978 1255 3049; x_wconf 84' lang='lat' dir='ltr'><strong>reliqua</strong></span> 
     </span>
     <span class='ocr_line' id='line_1_30' title="bbox 185 3059 1254 3134; baseline 0 -18"><span class='ocrx_word' id='word_1_288' title='bbox 185 3061 266 3116; x_wconf 80' lang='lat' dir='ltr'><strong>luisse</strong></span> <span class='ocrx_word' id='word_1_289' title='bbox 279 3075 371 3134; x_wconf 85' lang='lat' dir='ltr'><strong>crepta</strong></span> <span class='ocrx_word' id='word_1_290' title='bbox 386 3063 556 3116; x_wconf 84' lang='lat' dir='ltr'><strong>accusatione</strong></span> <span class='ocrx_word' id='word_1_291' title='bbox 570 3062 753 3134; x_wconf 84' lang='lat' dir='ltr'><strong>proconsulis,</strong></span> <span class='ocrx_word' id='word_1_292' title='bbox 770 3080 830 3133; x_wconf 78' lang='lat' dir='ltr'><strong>qum</strong></span> <span class='ocrx_word' id='word_1_293' title='bbox 844 3073 872 3114; x_wconf 84' lang='lat' dir='ltr'><strong>et</strong></span> <span class='ocrx_word' id='word_1_294' title='bbox 885 3059 990 3131; x_wconf 78' lang='lat' dir='ltr'><strong>maguis</strong></span> <span class='ocrx_word' id='word_1_295' title='bbox 1005 3059 1132 3132; x_wconf 82' lang='lat' dir='ltr'><strong>impensis</strong></span> <span class='ocrx_word' id='word_1_296' title='bbox 1145 3080 1254 3134; x_wconf 89' lang='lat' dir='ltr'><strong>compa·</strong></span> 
     </span>
    </p>
   </div>
   <div class='ocr_carea' id='block_1_5' title="bbox 183 3141 1337 3216">
    <p class='ocr_par' dir='ltr' id='par_1_7' title="bbox 183 3141 1337 3216">
     <span class='ocr_line' id='line_1_31' title="bbox 183 3141 1337 3216; baseline -0.002 -18"><span class='ocrx_word' id='word_1_297' title='bbox 183 3143 286 3209; x_wconf 79' lang='lat' dir='ltr'><strong>canda,</strong></span> <span class='ocrx_word' id='word_1_298' title='bbox 301 3156 328 3197; x_wconf 87' lang='lat' dir='ltr'><strong>et</strong></span> <span class='ocrx_word' id='word_1_299' title='bbox 339 3163 410 3199; x_wconf 85' lang='lat' dir='ltr'><strong>rana</strong></span> <span class='ocrx_word' id='word_1_300' title='bbox 425 3144 513 3200; x_wconf 80' lang='lat' dir='ltr'><strong>luerit.</strong></span> <span class='ocrx_word' id='word_1_301' title='bbox 525 3149 602 3196; x_wconf 82' lang='lat' dir='ltr'><strong>Natta</strong></span> <span class='ocrx_word' id='word_1_302' title='bbox 613 3162 761 3216; x_wconf 79' lang='lat' dir='ltr'><strong>cognomen</strong></span> <span class='ocrx_word' id='word_1_303' title='bbox 773 3143 887 3196; x_wconf 68' lang='lat' dir='ltr'><strong>Pinario</strong></span> <span class='ocrx_word' id='word_1_304' title='bbox 897 3142 998 3213; x_wconf 73' lang='lat' dir='ltr'><strong>gentis,</strong></span> <span class='ocrx_word' id='word_1_305' title='bbox 1013 3141 1046 3194; x_wconf 86' lang='lat' dir='ltr'><strong>dc</strong></span> <span class='ocrx_word' id='word_1_306' title='bbox 1060 3160 1115 3214; x_wconf 85' lang='lat' dir='ltr'><strong>quo</strong></span> <span class='ocrx_word' id='word_1_307' title='bbox 1128 3142 1190 3197; x_wconf 79' lang='lat' dir='ltr'><strong>vide</strong></span> <span class='ocrx_word' id='word_1_308' title='bbox 1203 3145 1254 3197; x_wconf 88' lang='lat' dir='ltr'><strong>Er·</strong></span> <span class='ocrx_word' id='word_1_309' title='bbox 1336 3151 1337 3154; x_wconf 77' lang='grc'>’</span> 
     </span>
    </p>
   </div>
   <div class='ocr_carea' id='block_1_6' title="bbox 184 3225 1254 3465">
    <p class='ocr_par' dir='ltr' id='par_1_8' title="bbox 184 3225 1254 3465">
     <span class='ocr_line' id='line_1_32' title="bbox 184 3225 1254 3291; baseline -0.002 -10"><span class='ocrx_word' id='word_1_310' title='bbox 184 3227 253 3281; x_wconf 84' lang='lat' dir='ltr'><strong>nesti</strong></span> <span class='ocrx_word' id='word_1_311' title='bbox 269 3227 339 3280; x_wconf 82' lang='lat' dir='ltr'><strong>clav.</strong></span> <span class='ocrx_word' id='word_1_312' title='bbox 353 3227 410 3280; x_wconf 88' lang='lat' dir='ltr'><strong>Cic.</strong></span> <span class='ocrx_word' id='word_1_313' title='bbox 422 3226 496 3280; x_wconf 78' lang='lat' dir='ltr'><strong>Alius</strong></span> <span class='ocrx_word' id='word_1_314' title='bbox 510 3225 617 3280; x_wconf 82' lang='lat' dir='ltr'><strong>videtur</strong></span> <span class='ocrx_word' id='word_1_315' title='bbox 628 3229 711 3282; x_wconf 88' lang='lat' dir='ltr'><strong>Natta</strong></span> <span class='ocrx_word' id='word_1_316' title='bbox 718 3225 862 3280; x_wconf 88' lang='lat' dir='ltr'><strong>memorari</strong></span> <span class='ocrx_word' id='word_1_317' title='bbox 873 3237 900 3278; x_wconf 92' lang='lat' dir='ltr'><strong>et</strong></span> <span class='ocrx_word' id='word_1_318' title='bbox 912 3225 999 3278; x_wconf 86' lang='lat' dir='ltr'><strong>Tacit.</strong></span> <span class='ocrx_word' id='word_1_319' title='bbox 1011 3227 1079 3278; x_wconf 77' lang='lat' dir='ltr'><strong>Anu.</strong></span> <span class='ocrx_word' id='word_1_320' title='bbox 1094 3225 1146 3291; x_wconf 87' lang='lat' dir='ltr'><strong>IV,</strong></span> <span class='ocrx_word' id='word_1_321' title='bbox 1160 3225 1207 3291; x_wconf 82' lang='grc'><strong>34,</strong></span> <span class='ocrx_word' id='word_1_322' title='bbox 1227 3237 1254 3279; x_wconf 87' lang='lat' dir='ltr'><strong>et</strong></span> 
     </span>
     <span class='ocr_line' id='line_1_33' title="bbox 185 3307 1252 3380; baseline -0.001 -16"><span class='ocrx_word' id='word_1_323' title='bbox 185 3311 281 3365; x_wconf 83' lang='lat' dir='ltr'><strong>Horat.</strong></span> <span class='ocrx_word' id='word_1_324' title='bbox 294 3312 322 3372; x_wconf 91' lang='lat'><strong>1,</strong></span> <span class='ocrx_word' id='word_1_325' title='bbox 337 3313 362 3375; x_wconf 88' lang='grc'><strong>6,</strong></span> <span class='ocrx_word' id='word_1_326' title='bbox 376 3316 439 3376; x_wconf 61' lang='lat' dir='ltr'><strong>aaa,</strong></span> <span class='ocrx_word' id='word_1_327' title='bbox 456 3322 483 3363; x_wconf 88' lang='lat' dir='ltr'><strong>et</strong></span> <span class='ocrx_word' id='word_1_328' title='bbox 494 3311 567 3363; x_wconf 84' lang='lat' dir='ltr'><strong>Pera.</strong></span> <span class='ocrx_word' id='word_1_329' title='bbox 579 3312 638 3376; x_wconf 92' lang='lat'><strong>111,</strong></span> <span class='ocrx_word' id='word_1_330' title='bbox 652 3311 695 3364; x_wconf 79' lang='lat'><strong>³1.</strong></span> <span class='ocrx_word' id='word_1_331' title='bbox 710 3314 795 3361; x_wconf 82' lang='lat' dir='ltr'><strong>Pansa</strong></span> <span class='ocrx_word' id='word_1_332' title='bbox 808 3327 957 3379; x_wconf 77' lang='lat' dir='ltr'><strong>cognomen</strong></span> <span class='ocrx_word' id='word_1_333' title='bbox 967 3307 1056 3360; x_wconf 75' lang='lat' dir='ltr'><strong>Vibio</strong></span> <span class='ocrx_word' id='word_1_334' title='bbox 1064 3309 1166 3380; x_wconf 83' lang='lat' dir='ltr'><strong>gentis,</strong></span> <span class='ocrx_word' id='word_1_335' title='bbox 1178 3310 1252 3363; x_wconf 85' lang='lat' dir='ltr'><strong>verb.</strong></span> 
     </span>
     <span class='ocr_line' id='line_1_34' title="bbox 187 3390 802 3465; baseline -0.003 -19"><span class='ocrx_word' id='word_1_336' title='bbox 187 3412 271 3446; x_wconf 87' lang='lat' dir='ltr'><strong>causa.</strong></span> <span class='ocrx_word' id='word_1_337' title='bbox 286 3394 316 3446; x_wconf 93' lang='lat' dir='ltr'><strong>C.</strong></span> <span class='ocrx_word' id='word_1_338' title='bbox 327 3393 404 3446; x_wconf 86' lang='lat' dir='ltr'><strong>Vibii</strong></span> <span class='ocrx_word' id='word_1_339' title='bbox 414 3394 507 3446; x_wconf 81' lang='lat' dir='ltr'><strong>Pansae</strong></span> <span class='ocrx_word' id='word_1_340' title='bbox 518 3393 579 3446; x_wconf 88' lang='lat' dir='ltr'><strong>Cos.</strong></span> <span class='ocrx_word' id='word_1_341' title='bbox 591 3393 700 3465; x_wconf 79' lang='lat' dir='ltr'><strong>collega</strong></span> <span class='ocrx_word' id='word_1_342' title='bbox 711 3390 802 3446; x_wconf 86' lang='lat' dir='ltr'><strong>Hirtii.</strong></span> 
     </span>
    </p>
   </div>
   <div class='ocr_carea' id='block_1_7' title="bbox 148 3533 1255 3850">
    <p class='ocr_par' dir='ltr' id='par_1_9' title="bbox 148 3533 1255 3850">
     <span class='ocr_line' id='line_1_35' title="bbox 222 3533 1254 3602; baseline 0.002 -18"><span class='ocrx_word' id='word_1_343' title='bbox 222 3539 292 3586; x_wconf 79' lang='lat' dir='ltr'><strong>Van.</strong></span> <span class='ocrx_word' id='word_1_344' title='bbox 309 3539 352 3601; x_wconf 81' lang='lat'><strong>96.</strong></span> <span class='ocrx_word' id='word_1_345' title='bbox 366 3536 413 3586; x_wconf 80' lang='lat' dir='ltr'><strong>llic</strong></span> <span class='ocrx_word' id='word_1_346' title='bbox 423 3554 507 3586; x_wconf 83' lang='lat' dir='ltr'><strong>versus</strong></span> <span class='ocrx_word' id='word_1_347' title='bbox 519 3547 575 3585; x_wconf 87' lang='lat' dir='ltr'><strong>ante</strong></span> <span class='ocrx_word' id='word_1_348' title='bbox 588 3554 624 3588; x_wconf 85' lang='lat' dir='ltr'><strong>va.</strong></span> <span class='ocrx_word' id='word_1_349' title='bbox 634 3534 667 3601; x_wconf 82' lang='lat'><strong>95</strong></span> <span class='ocrx_word' id='word_1_350' title='bbox 681 3537 770 3602; x_wconf 81' lang='lat' dir='ltr'><strong>legitur</strong></span> <span class='ocrx_word' id='word_1_351' title='bbox 779 3536 807 3584; x_wconf 91' lang='lat' dir='ltr'><strong>iu</strong></span> <span class='ocrx_word' id='word_1_352' title='bbox 817 3553 841 3596; x_wconf 82' lang='grc'><strong>7,</strong></span> <span class='ocrx_word' id='word_1_353' title='bbox 854 3552 897 3595; x_wconf 87' lang='lat' dir='ltr'><strong>ro,</strong></span> <span class='ocrx_word' id='word_1_354' title='bbox 911 3553 950 3594; x_wconf 82' lang='lat' dir='ltr'><strong>aa,</strong></span> <span class='ocrx_word' id='word_1_355' title='bbox 962 3545 992 3593; x_wconf 83' lang='grc' dir='ltr'><strong>ι4</strong></span> <span class='ocrx_word' id='word_1_356' title='bbox 1015 3553 1126 3599; x_wconf 75' lang='lat'><strong>17—27,</strong></span> <span class='ocrx_word' id='word_1_357' title='bbox 1139 3533 1254 3601; x_wconf 80' lang='grc'><strong>45-49,</strong></span> 
     </span>
     <span class='ocr_line' id='line_1_36' title="bbox 189 3614 1253 3682; baseline 0.004 -19"><span class='ocrx_word' id='word_1_358' title='bbox 189 3617 300 3675; x_wconf 77' lang='grc'><strong>54-60,</strong></span> <span class='ocrx_word' id='word_1_359' title='bbox 318 3614 361 3679; x_wconf 84' lang='grc'><strong>65,</strong></span> <span class='ocrx_word' id='word_1_360' title='bbox 374 3628 398 3667; x_wconf 87' lang='lat' dir='ltr'><strong>et</strong></span> <span class='ocrx_word' id='word_1_361' title='bbox 413 3619 528 3668; x_wconf 78' lang='lat' dir='ltr'><strong>omnibns</strong></span> <span class='ocrx_word' id='word_1_362' title='bbox 542 3619 591 3667; x_wconf 80' lang='lat' dir='ltr'><strong>fere</strong></span> <span class='ocrx_word' id='word_1_363' title='bbox 606 3618 685 3668; x_wconf 78' lang='lat' dir='ltr'><strong>(lodd.</strong></span> <span class='ocrx_word' id='word_1_364' title='bbox 703 3617 960 3666; x_wconf 73' lang='lat' dir='ltr'><strong>ruis.-Proeeorem</strong></span> <span class='ocrx_word' id='word_1_365' title='bbox 981 3615 1120 3682; x_wconf 66' lang='lat' dir='ltr'><strong>Cluoerppe,</strong></span> <span class='ocrx_word' id='word_1_366' title='bbox 1132 3626 1178 3665; x_wconf 87' lang='lat' dir='ltr'><strong>etc.</strong></span> <span class='ocrx_word' id='word_1_367' title='bbox 1191 3619 1253 3668; x_wconf 77' lang='lat' dir='ltr'><strong>mle</strong></span> 
     </span>
     <span class='ocr_line' id='line_1_37' title="bbox 186 3699 1255 3766; baseline 0.004 -20"><span class='ocrx_word' id='word_1_368' title='bbox 186 3700 285 3748; x_wconf 87' lang='lat' dir='ltr'><strong>emend.</strong></span> <span class='ocrx_word' id='word_1_369' title='bbox 299 3700 415 3749; x_wconf 85' lang='lat' dir='ltr'><strong>Platlrner</strong></span> <span class='ocrx_word' id='word_1_370' title='bbox 430 3702 479 3752; x_wconf 88' lang='lat' dir='ltr'><strong>hoc</strong></span> <span class='ocrx_word' id='word_1_371' title='bbox 496 3716 571 3751; x_wconf 76' lang='lat' dir='ltr'><strong>seusu</strong></span> <span class='ocrx_word' id='word_1_372' title='bbox 581 3719 587 3749; x_wconf 92' lang='lat'><strong>:</strong></span> <span class='ocrx_word' id='word_1_373' title='bbox 597 3704 739 3763; x_wconf 68' lang='lat' dir='ltr'><strong>Pretorem,</strong></span> <span class='ocrx_word' id='word_1_374' title='bbox 761 3701 818 3748; x_wconf 86' lang='lat' dir='ltr'><strong>licet</strong></span> <span class='ocrx_word' id='word_1_375' title='bbox 835 3699 906 3748; x_wconf 89' lang='lat' dir='ltr'><strong>illurn</strong></span> <span class='ocrx_word' id='word_1_376' title='bbox 921 3701 1041 3764; x_wconf 86' lang='lat' dir='ltr'><strong>adspicias</strong></span> <span class='ocrx_word' id='word_1_377' title='bbox 1057 3701 1084 3748; x_wconf 91' lang='lat' dir='ltr'><strong>in</strong></span> <span class='ocrx_word' id='word_1_378' title='bbox 1101 3703 1191 3766; x_wconf 88' lang='lat' dir='ltr'><strong>pannis</strong></span> <span class='ocrx_word' id='word_1_379' title='bbox 1209 3703 1255 3751; x_wconf 86' lang='lat' dir='ltr'><strong>tibi</strong></span> 
     </span>
     <span class='ocr_line' id='line_1_38' title="bbox 148 3783 746 3850; baseline 0.005 -21"><span class='ocrx_word' id='word_1_380' title='bbox 148 3841 150 3846; x_wconf 28' lang='grc' dir='ltr'>Ι</span> <span class='ocrx_word' id='word_1_381' title='bbox 188 3783 277 3847; x_wconf 88' lang='lat' dir='ltr'><strong>ereptis</strong></span> <span class='ocrx_word' id='word_1_382' title='bbox 285 3783 455 3847; x_wconf 68' lang='lat' dir='ltr'><strong>presidentem</strong></span> <span class='ocrx_word' id='word_1_383' title='bbox 463 3820 470 3845; x_wconf 92' lang='lat'><strong>‚</strong></span> <span class='ocrx_word' id='word_1_384' title='bbox 479 3800 592 3834; x_wconf 88' lang='lat' dir='ltr'><strong>accusare</strong></span> <span class='ocrx_word' id='word_1_385' title='bbox 603 3784 746 3850; x_wconf 85' lang='lat' dir='ltr'><strong>supersedc.</strong></span> 
     </span>
    </p>
   </div>
   <div class='ocr_carea' id='block_1_8' title="bbox 224 3873 1255 3950">
    <p class='ocr_par' dir='ltr' id='par_1_10' title="bbox 224 3873 1255 3950">
     <span class='ocr_line' id='line_1_39' title="bbox 224 3873 1255 3950; baseline 0.009 -24"><span class='ocrx_word' id='word_1_386' title='bbox 224 3874 293 3926; x_wconf 81' lang='lat' dir='ltr'><strong>Nor.</strong></span> <span class='ocrx_word' id='word_1_387' title='bbox 313 3879 355 3943; x_wconf 86' lang='lat'><strong>96.</strong></span> <span class='ocrx_word' id='word_1_388' title='bbox 376 3877 531 3944; x_wconf 81' lang='lat' dir='ltr'><strong>Cloen&#39;ppus,</strong></span> <span class='ocrx_word' id='word_1_389' title='bbox 551 3895 648 3932; x_wconf 88' lang='lat' dir='ltr'><strong>nomen</strong></span> <span class='ocrx_word' id='word_1_390' title='bbox 669 3875 774 3940; x_wconf 88' lang='lat' dir='ltr'><strong>Cilicis,</strong></span> <span class='ocrx_word' id='word_1_391' title='bbox 795 3873 888 3947; x_wconf 83' lang='lat' dir='ltr'><strong>judice</strong></span> <span class='ocrx_word' id='word_1_392' title='bbox 909 3875 1012 3948; x_wconf 80' lang='lat' dir='ltr'><strong>Graug.</strong></span> <span class='ocrx_word' id='word_1_393' title='bbox 1036 3876 1098 3932; x_wconf 91' lang='lat' dir='ltr'><strong>inde</strong></span> <span class='ocrx_word' id='word_1_394' title='bbox 1117 3877 1255 3950; x_wconf 81' lang='lat' dir='ltr'><strong>effictum,</strong></span> 
     </span>
    </p>
   </div>
   <div class='ocr_carea' id='block_1_9' title="bbox 608 4045 837 4067">
    <p class='ocr_par' dir='ltr' id='par_1_11' title="bbox 608 4045 837 4067">
     <span class='ocr_line' id='line_1_40' title="bbox 608 4045 837 4067; baseline -0.004 0"><span class='ocrx_word' id='word_1_395' title='bbox 608 4045 837 4067; x_wconf 59' lang='lat' dir='ltr'><strong>mmfflm</strong></span> 
     </span>
    </p>
   </div>
   <div class='ocr_carea' id='block_1_10' title="bbox 196 4145 1253 4315">
    <p class='ocr_par' dir='ltr' id='par_1_12' title="bbox 196 4145 1253 4315">
     <span class='ocr_line' id='line_1_41' title="bbox 225 4145 1253 4238; baseline 0.005 -20"><span class='ocrx_word' id='word_1_396' title='bbox 225 4176 232 4200; x_wconf 80' lang='lat'>¹</span> <span class='ocrx_word' id='word_1_397' title='bbox 252 4145 699 4238; x_wconf 35' lang='lat' dir='ltr'><strong>Confer.rse.ssn.x1,s;,x111‚</strong></span> <span class='ocrx_word' id='word_1_398' title='bbox 743 4170 925 4233; x_wconf 65' lang='lat' dir='ltr'><strong>Quintiano.</strong></span> <span class='ocrx_word' id='word_1_399' title='bbox 942 4172 992 4229; x_wconf 83' lang='lat' dir='ltr'><strong>vs,</strong></span> <span class='ocrx_word' id='word_1_400' title='bbox 1011 4173 1253 4231; x_wconf 71' lang='lat' dir='ltr'><strong>1‚esnodsetl.io</strong></span> 
     </span>
     <span class='ocr_line' id='line_1_42' title="bbox 196 4247 986 4315; baseline 0.006 -21"><span class='ocrx_word' id='word_1_401' title='bbox 196 4247 471 4315; x_wconf 77' lang='lat' dir='ltr'><strong>³³;11v,as;xvl‚</strong></span> <span class='ocrx_word' id='word_1_402' title='bbox 488 4267 528 4314; x_wconf 80' lang='lat'><strong>17,</strong></span> <span class='ocrx_word' id='word_1_403' title='bbox 542 4269 584 4312; x_wconf 89' lang='lat' dir='ltr'><strong>ar,</strong></span> <span class='ocrx_word' id='word_1_404' title='bbox 598 4253 640 4314; x_wconf 78' lang='lat' dir='ltr'><strong>ot,</strong></span> <span class='ocrx_word' id='word_1_405' title='bbox 653 4252 700 4310; x_wconf 74' lang='lat'><strong>³3;</strong></span> <span class='ocrx_word' id='word_1_406' title='bbox 745 4254 812 4300; x_wconf 79' lang='lat' dir='ltr'><strong>Anu.</strong></span> <span class='ocrx_word' id='word_1_407' title='bbox 823 4249 986 4315; x_wconf 74' lang='lat' dir='ltr'><strong>Quintilsfi.</strong></span> 
     </span>
    </p>
   </div>
   <div class='ocr_carea' id='block_1_11' title="bbox 0 0 1584 4986">
    <p class='ocr_par' dir='ltr' id='par_1_13' title="bbox 0 0 1584 4986">
     <span class='ocr_line' id='line_1_43' title="bbox 0 0 1584 4986; baseline 0 0"><span class='ocrx_word' id='word_1_408' title='bbox 0 0 1584 4986; x_wconf 95' lang='lat' dir='ltr'><strong> </strong></span> 
     </span>
    </p>
   </div>
  </div>
 </body>
</html>
