3056 4984
339 400 403 477 340
521 331 1216 456 ssrmmsrxrm‘auaursrs.
1323 377 1329 384 ·

336 538 365 572 r.
378 535 403 572 c.
418 531 481 588 quas
491 529 520 565 v.
535 508 571 574 67
586 523 644 578 seq.
656 512 685 559 et
696 501 754 577 379
765 515 873 573 seq.,‘v.
888 497 945 565 ibt
958 515 1018 570 seq.
1035 505 1064 551 et
1078 493 1135 563 434
1150 511 1220 568 seq,
1232 512 1261 548 r.
1276 493 1335 560 413
1348 509 1406 565 seq.

335 619 365 664 et
382 604 439 676 l75
459 620 532 675 seq„
548 599 691 672 leguntur.
709 595 744 648 ln
763 591 825 664 ipsa
847 605 963 662 quoque
982 585 1115 642 carminis
1135 582 1326 660 dispositione
1347 599 1407 638 non

335 713 438 773 magna
449 689 560 748 inventi
574 689 635 742 laus
645 683 762 759 ingenio
775 689 868 756 poetae
881 677 1013 746 debetur,
1024 695 1077 733 nec
1091 675 1208 751 singulae
1222 675 1283 748 ejus
1294 685 1406 748 partes,

335 793 389 851 etsi
404 786 519 866 egregie
535 781 727 848 adumbrate,
744 785 805 832 arte
819 773 942 848 quadam
961 772 1079 828 intense
1093 771 1242 846 implicatas
1256 779 1340 837 sunt,
1356 767 1407 826 sed

334 884 432 961 (aeque
446 897 478 934 sc
496 877 526 931 in
541 875 600 930 Sat.
615 870 660 947 X)
676 887 711 926 eo
731 885 761 924 se
780 864 927 939 excipiunt
944 862 1063 931 ordine,
1076 881 1137 937 qno
1151 861 1183 918 in
1197 860 1406 918 declamatione

333 974 428 1050 eliqua
440 971 542 1026 rhetor
561 965 627 1020 alias
646 960 709 1018 aliis
726 957 921 1032 subjungeret.
943 956 1011 1011 Non
1029 953 1117 1010 alium
1137 963 1234 1010 umen
1252 950 1405 1025 antiquum

333 1065 504 1140 scriptorem
518 1061 613 1133 legere
627 1050 761 1118 memini,
775 1048 826 1124 qui
837 1047 915 1104 idem
927 1056 1129 1122 argumentum
1140 1043 1191 1099 tali
1202 1043 1293 1100 modo
1305 1052 1335 1098 et
1347 1053 1404 1097 tam

331 1158 448 1233 copiose
467 1147 647 1217 mactaverit,
664 1144 718 1202 etsi
730 1161 791 1200 non
808 1141 928 1216 ignoro,
942 1138 1033 1193 multa
1046 1135 1200 1192 mulierum
1212 1133 1284 1189 vitia
1300 1133 1404 1208 passim

332 1259 433 1306 notata
448 1262 507 1320 esse
522 1241 559 1297 ab
575 1238 654 1308 aliis,
675 1233 808 1310 inprimis
824 1232 860 1288 ab
877 1229 1015 1304 Euripide
1031 1239 1060 1286 et
1074 1228 1276 1303 Aristophane.
1291 1228 1345 1283 llle
1361 1237 1406 1282 tot

331 1344 460 1400 scelestas
476 1335 681 1410 cujuscumque
695 1325 809 1405 generis
825 1323 960 1380 mulieres
975 1321 1090 1378 induxit
1101 1320 1132 1376 in
1142 1337 1272 1389 scenam,
1288 1329 1318 1376 et
1328 1319 1406 1374 hunc

331 1450 431 1492 sexum
445 1427 530 1485 toties
542 1444 574 1480 ac
585 1433 734 1496 tantopere
745 1413 933 1493 perstrinxit,
949 1422 982 1467 ut
993 1411 1061 1468 inde
1076 1409 1222 1483 Marspiter
1235 1410 1307 1466 olim
1320 1429 1406 1466 voca-

332 1537 438 1583 retur:
456 1537 523 1576 nam
539 1511 564 1576 ir
581 1540 612 1586 γι
630 1514 688 1574 ruis
702 1503 862 1588 sisyphius
876 1502 1031 1580 peregrines,
1051 1497 1075 1563 ir
1088 1529 1120 1574 γι
1135 1509 1170 1585 rii
1185 1501 1254 1583 nhr'rp
1269 1503 1408 1576 φιλιγῦιιιι

331 1617 400 1683 fuit,
415 1622 487 1670 teste
498 1609 624 1684 Sophoe.
634 1624 679 1679 ap.
692 1603 811 1659 Hieron.
820 1597 969 1654 laudatum
978 1596 1108 1653 Athenaei
1122 1596 1172 1651 lib.
1184 1597 1275 1665 XIII,
1288 1615 1318 1669 p.
1330 1595 1405 1665 5573

332 1717 488 1780 errantque
499 1700 616 1768 Suidas,
632 1695 856 1768 Moschopulus,
869 1690 980 1747 Gellius
995 1691 1062 1758 XV,
1077 1706 1128 1759 ao,
1145 1688 1249 1758 etalii,
1264 1689 1314 1764 qui
1328 1688 1408 1744 illam

333 1795 554 1876 appellationem
567 1811 584 1846 a
597 1785 738 1854 naturali,
760 1785 841 1860 quod
856 1783 887 1839 in
908 1801 994 1840 omne
1015 1799 1104 1858 genus
1117 1780 1258 1837 muliebre
1272 1781 1407 1858 gesserit,

333 1892 403 1952 odio
415 1894 559 1964 repetunt.
573 1879 657 1958 (Vid.
670 1880 785 1934 Barnes.
797 1876 849 1930 vit.
862 1873 1009 1949 Euripidis
1022 1876 1038 1942 ς
1050 1892 1103 1947 19,
1115 1883 1145 1929 et
1157 1871 1246 1948 Buylii
1257 1872 1406 1950 Diction.)

333 1985 388 2044 llic
401 2000 471 2039 rero
490 1975 603 2034 insulis
617 1965 896 2048 Θιηιιφιμιζιιῖαις,
911 1966 943 2021 in
961 1965 1066 2042 quibus
1081 1964 1249 2040 Euripidem
1266 1985 1284 2020 a
1302 1967 1408 2022 mulie-

331 2078 413 2136 ribus
426 2075 593 2131 damuatum
605 2062 705 2141 lingit,
718 2058 799 2137 quod
813 2058 845 2114 in
864 2077 909 2115 eas
929 2055 1029 2132 saepius
1050 2055 1188 2112 acerrime
1207 2055 1340 2112 invectus
1356 2057 1408 2127 sit,

332 2171 416 2246 plura
429 2181 509 2240 paene
519 2159 602 2216 istius
613 2173 696 2212 sexus
710 2150 818 2227 flagitia
829 2160 986 2218 memorat,
1000 2166 1086 2221 quam
1102 2147 1253 2222 Euripides
1266 2148 1298 2204 in
1311 2149 1407 2206 omui-

332 2263 402 2330 bus,
411 2275 474 2332 quae
484 2251 602 2328 quidem
612 2256 736 2314 restant,
747 2240 892 2317 tragoediis
901 2239 968 2294 suis.
981 2239 1040 2309 Qui
1051 2257 1122 2294 vero
1132 2239 1187 2294 ulia
1197 2239 1315 2296 feminei
1323 2259 1407 2298 sexus

333 2346 474 2425 vituperia
496 2345 592 2419 legere
610 2336 709 2411 cupit,
731 2332 880 2399 consulat,
903 2349 977 2404 quos
997 2339 1059 2386 tum
1080 2330 1241 2387 Herminius
1263 2332 1407 2402 laudarit3

334 2448 481 2520 Chrysost.
493 2435 594 2494 homil.
605 2433 642 2488 de
655 2423 812 2487 Herodiad.
819 2445 828 2494 ;
843 2425 939 2480 llarth.
952 2423 989 2478 ad
1003 2422 1136 2492 Celestin.
1148 2442 1184 2479 ex
1195 2424 1278 2498 Hisp.
1290 2443 1406 2481 versum

333 2559 363 2614 p.
380 2557 419 2592 m.
435 2533 491 2598 334
509 2545 586 2602 seq.;
608 2528 648 2580 les
664 2518 821 2584 Me'moires
835 2517 874 2570 de
889 2513 1068 2580 Braatdme,·
1086 2523 1116 2569 et
1128 2514 1254 2570 sotadice
1266 2515 1405 2572 Italorum

335 2629 587 2702 Hispanorumque
598 2612 721 2686 scripta:
734 2619 797 2664 tum
808 2605 981 2676 Actaeos,
996 2603 1175 2660 Simonidem
1186 2604 1216 2660 in
1228 2605 1328 2680 lyricis
1339 2618 1405 2664 octo

335 2741 371 2778 ex
379 2717 539 2776 rec.·Henr.
551 2703 705 2781 Stephani,
715 2701 805 2758 Italos
814 2697 946 2766 Arione,
957 2695 1094 2766 hretino,
1105 2695 1255 2766 Boccecio,
1269 2710 1299 2753 et
1308 2699 1405 2756 Gallos

334 2812 407 2867 Jean
422 2809 459 2863 de
473 2806 600 2874 Meang,
625 2794 794 2868 Griugoire,
817 2788 959 2858 Mola'ere,
983 2791 1029 2842 La
1044 2790 1208 2858 Fontame,
1230 2801 1259 2845 et
1273 2790 1403 2864 inprimis

335 2902 456 2958 Boileau
470 2896 570 2952 insat.
582 2890 621 2946 X.
634 2882 744 2943 Similia
757 2881 843 2938 etiam
860 2878 984 2936 camnine
1001 2878 1045 2934 his
1061 2880 1241 2954 temporibus
1255 2901 1272 2936 a
1286 2884 1403 2940 Nostra-

335 2995 413 3050 tibus
427 2990 532 3063 scripta
545 2993 619 3042 sunt.
630 3010 670 3024 -
681 2979 816 3034 Ceterum
832 2975 892 3028 haec
912 2971 1005 3030 Satira
1024 2971 1130 3047 insigni
1151 2971 1326 3029 documento
1346 2984 1400 3042 est,

336 3095 441 3160 qusnta
451 3081 506 3136 illis
518 3073 698 3151 temporibus
712 3071 810 3126 Romae
822 3065 910 3122 fuerit
920 3082 1035 3120 morum
1047 3065 1218 3139 corruptela.
1229 3067 1300 3120 Eam
1309 3077 1399 3122 tamen

333 3175 450 3250 Trajani
461 3169 640 3247 temporibus
649 3163 808 3222 conlectam
819 3176 888 3227 esse,
896 3157 1005 3232 judicio
1014 3175 1116 3231 parum
1126 3158 1272 3232 probabili
1282 3179 1314 3216 ac
1324 3171 1398 3216 cerro

335 3267 482 3343 colligitur
493 3283 529 3322 ex
539 3282 568 3317 v.
583 3264 738 3330 top-tra
745 3293 754 3323 ,
765 3249 817 3308 ubi
827 3269 856 3304 v.
866 3249 976 3306 Comm.
