3056 4984
326 414 390 496 364
596 418 639 483 D.
664 417 806 494 JUNII
834 414 1116 486 JUVENAtts

327 531 537 626 paupertatis
551 533 669 619 habet,
684 557 748 603 nec
762 557 797 602 sc
812 533 952 603 metitur
963 531 1134 618 ad'illum,

327 642 439 730 Quem
451 641 544 711 dedit
559 643 648 729 haec,
661 643 840 736 posuitque
854 642 1004 712 modum.
1018 645 1148 713 Tamen
1162 639 1245 712 utile
1257 639 1342 736 quid
1355 639 1396 708 sit

324 751 539 846 Prospioiunt
554 751 735 847 aliquando
748 753 831 840 viri;
847 752 1023 848 frigusque
1038 753 1230 849 famemque
1344 767 1395 822 ὅσα

325 862 481 930 Formica
496 862 633 933 tandem
646 862 782 958 quidam
799 885 964 957 expavere
980 865 1148 958 magistra.

324 970 471 1066 Prodiga
484 998 555 1041 non
569 975 672 1043 sentit
685 989 887 1069 pereuntem
901 973 1028 1042 femina
1044 998 1200 1062 censum;

323 1083 392 1168 Ac,
406 1082 500 1152 velut
515 1085 676 1153 exhausta
690 1083 858 1153 recidivus
871 1082 1015 1178 pullulet
1027 1109 1106 1154 arca

324 1192 477 1278 Numus,
494 1208 530 1262 et
542 1217 561 1261 e
575 1193 678 1289 pleno
694 1217 828 1288 semper
841 1191 978 1262 tollatur
990 1217 1127 1279 acervo,

325 1302 406 1372 Non
419 1327 569 1397 unquam
585 1319 738 1398 reputat,
753 1302 871 1398 quanti
885 1303 948 1372 sihi
961 1301 1084 1397 gaudia
1096 1316 1262 1371 constent.
1347 1315 1395 1370 365

372 1414 476 1500 Sunt,
491 1439 573 1508 quas
587 1414 735 1484 eunuchi
751 1413 920 1500 imbelles,
936 1438 977 1485 ac
993 1412 1106 1484 mollia
1122 1437 1259 1510 semper

326 1520 452 1591 Oscula
465 1522 657 1610 delectent,
670 1524 911 1620 etdesperatio
924 1525 1053 1612 barba,

325 1633 371 1701 Et
385 1632 478 1727 quod
491 1634 645 1704 abortivo
658 1659 729 1704 non
743 1649 794 1703 est
808 1659 905 1728 opus.
919 1633 986 1703 Illa.
993 1633 1148 1730 voluptas

326 1743 465 1812 Summa
478 1759 608 1831 tamen,
623 1744 716 1839 quod
727 1745 798 1837 jam
813 1743 922 1814 calida
934 1760 1065 1814 tnatura
1074 1744 1216 1836 juventa
1296 1753 1300 1762 '

326 1852 474 1946 Inguina
489 1853 670 1923 traduntur
683 1853 840 1941 medicis,
851 1854 922 1947 jam
936 1855 1073 1949 pectine
1087 1853 1195 1948 nigro.
1347 1865 1397 1935 37⁰

327 1964 418 2056 Ergo
435 1980 620 2058 spectatos,
634 1991 674 2034 ac
684 1965 794 2059 jussos
809 1989 961 2034 crescere
975 1965 1124 2060 primum

327 2073 531 2161 Testiculos,
546 2091 725 2171 postquam
739 2090 917 2172 coeperunt
931 2097 1002 2144 esse
1016 2071 1170 2159 bilibres,

329 2185 489 2254 Tonsoris
503 2185 626 2255 damno
640 2201 772 2255 tantum
786 2186 875 2280 rapit
887 2183 1102 2254 Heliodorus.

328 2297 540 2391 Conspicuus
556 2298 671 2391 longe,
687 2297 885 2391 cunctisque
902 2293 1058 2376 notabilis
1072 2295 1176 2362 intrat

328 2523 425 2570 tamen
443 2515 620 2593 paupertatis
639 2517 754 2594 pudore
774 2517 976 2588 deterrentur,
997 2512 1152 2591 quominus
1173 2511 1306 2589 prodiga
1324 2509 1397 2582 sint,

328 2605 467 2680 nullaque
482 2625 564 2679 eum,
579 2627 666 2684 quem
678 2609 776 2686 iuopia
786 2610 903 2679 suadet,
916 2608 1036 2665 modum
1047 2627 1079 2664 nc
1089 2604 1283 2682 frugalitatem
1295 2615 1399 2660 serrat.

329 2697 404 2754 Sane
422 2697 480 2753 viri
496 2717 554 2755 suae
574 2700 705 2758 utilitatis
724 2701 866 2758 rationem
884 2701 1031 2757 interdum
1046 2699 1170 2769 babent,
1189 2697 1401 2772 quantumlibet

328 2790 463 2868 prodigi,
483 2802 512 2849 et
530 2794 663 2870 exemplo
684 2794 811 2852 formicae
832 2794 1014 2870 prospiciunt
1032 2792 1065 2848 iu
1083 2791 1214 2849 futurum
1237 2808 1297 2864 quo
1317 2801 1400 2865 pacto

327 2881 433 2939 tamem
448 2893 477 2939 et
491 2883 582 2960 frigus
592 2897 716 2944 arceant.
730 2890 770 2944 At
780 2885 893 2944 feminac
904 2884 1088 2961 profundunt
1098 2897 1131 2940 ac
1144 2883 1272 2959 perdunt
1288 2883 1400 2952 omnia,

328 2975 412 3030 urrllo
431 2974 524 3032 futuri
542 2987 642 3049 metu3
661 2997 756 3054 neque
773 2997 870 3036 secum
885 2997 1014 3054 unquam
1030 2977 1211 3052 expendunt,
1233 2985 1345 3050 quanto
1357 2993 1400 3030 eas

329 3085 421 3142 nugas
430 3107 439 3137 ‚
455 3067 560 3142 quibus
579 3069 767 3145 delectantur,
784 3085 898 3143 emant,
915 3073 996 3149 quasi
1013 3073 1149 3129 exhausta
1164 3071 1196 3127 in
1210 3089 1277 3126 arca
1292 3063 1401 3126 nummi

330 3176 381 3214 sua
396 3169 500 3233 sponte
514 3174 694 3220 renascentes
711 3167 938 3240 repullularent,
952 3183 1047 3240 neque
1065 3163 1184 3220 illorum
1198 3181 1318 3220 acervus
1332 3171 1401 3219 essct
1510 3205 1511 3210 κ

330 3248 486 3324 aliquando
498 3251 688 3326 minuendam,
704 3256 918 3330 quantumlibet
933 3256 1001 3314 inde
1014 3251 1174 3312 tolleretur.

371 3339 439 3397 366.
464 3343 540 3400 Sunt
556 3343 617 3400 aliae
635 3345 786 3419 mulieres,
806 3367 870 3422 quae
886 3349 1066 3406 delectantur
1082 3346 1221 3404 ennuchis
1237 3345 1275 3402 ad
1291 3345 1401 3420 impra-

243 3507 246 3516 1
332 3433 480 3512 gnandum
495 3437 722 3512 impotentibus,
737 3450 882 3498 eteorum
895 3439 1032 3497 mollibus
1046 3441 1150 3498 osculis
1165 3457 1229 3514 que
1245 3457 1307 3495 non
1322 3456 1401 3513 aspe·

332 3544 435 3589 rantur
455 3530 606 3606 insperatae
626 3534 723 3589 barbae
747 3533 831 3609 pilis,
855 3534 921 3608 qnia
943 3553 1003 3590 nnn
1023 3552 1096 3608 opus
1117 3533 1226 3589 habent
1248 3533 1401 3606 pharmaco
1510 3597 1511 3606 χ

332 3635 502 3700 conceptum
519 3635 633 3699 partum
648 3624 788 3701 abigente.
801 3628 937 3682 Attamen
953 3644 989 3681 ex
1004 3625 1060 3682 illis
1074 3643 1213 3682 summam
1223 3625 1401 3699 voluptatem

332 3719 467 3794 capiunt,
479 3737 514 3774 co
531 3716 611 3792 quod
625 3717 743 3775 medicis
757 3718 900 3776 castrandi
914 3717 1081 3787 traduntur,
1093 3735 1183 3792 quum
1201 3716 1332 3774 fervente
1345 3717 1401 3792 jam

332 3821 362 3866 et
369 3811 467 3866 adulta
473 3809 641 3884 juventute,
650 3809 768 3885 jamque
777 3811 957 3888 nigrescente
963 3810 1043 3885 prebe
1051 3809 1089 3866 ad
1095 3810 1206 3884 justum
1213 3821 1401 3866 excreverunt

332 3903 479 3978 inguina:
503 3922 573 3980 ergo
595 3901 770 3960 Heliodorus
794 3903 946 3979 chirurgus
969 3901 1094 3958 tonsoris
1117 3900 1204 3958 unius
1229 3901 1400 3958 detrimento
1510 3961 1511 3974 ,

335 3994 475 4052 duntamt
485 3995 582 4052 avellit
592 4005 733 4070 spectatos
747 3996 910 4067 testiculos,
921 4006 1073 4071 postquam
1084 3995 1166 4069 prius
1175 3993 1283 4068 iussam
1295 3992 1401 4070 magui·
1510 4031 1511 4074 7

336 4085 467 4144 tudinem
478 4099 633 4161 ceperunt,
647 4088 722 4144 etad
735 4087 857 4144 duarum
870 4089 1009 4144 librarum
1023 4087 1137 4164 pondus
1150 4105 1319 4162 pervenere.
1333 4087 1399 4154 llle,
1510 4079 1511 4122 l

336 4195 423 4254 quem
433 4175 498 4234 fieri
509 4179 666 4254 spadonem
678 4180 791 4237 curarit
801 4181 934 4254 domina,
946 4197 1036 4258 quum
1047 4180 1151 4239 balnea
1163 4179 1262 4238 nuda
1274 4177 1400 4256 ingredi-
1510 4245 1511 4262 χ
