<?xml version="1.0" encoding="UTF-8"?>
<!DOCTYPE html PUBLIC "-//W3C//DTD XHTML 1.0 Transitional//EN"
    "http://www.w3.org/TR/xhtml1/DTD/xhtml1-transitional.dtd">
<html xmlns="http://www.w3.org/1999/xhtml" xml:lang="en" lang="en">
 <head>
  <title>
</title>
<meta http-equiv="Content-Type" content="text/html;charset=utf-8" />
  <meta name='ocr-system' content='tesseract 3.04.00' />
  <meta name='ocr-capabilities' content='ocr_page ocr_carea ocr_par ocr_line ocrx_word'/>
</head>
<body>
  <div class='ocr_page' id='page_1' title='image "./sexdecimsatir01lemagoog_0561.png"; bbox 0 0 3134 4990; ppageno 0'>
   <div class='ocr_carea' id='block_1_1' title="bbox 327 453 1161 894">
    <p class='ocr_par' dir='ltr' id='par_1_1' title="bbox 327 453 1161 894">
     <span class='ocr_line' id='line_1_1' title="bbox 331 453 1128 536; baseline 0.016 -16"><span class='ocrx_word' id='word_1_1' title='bbox 331 453 395 536; x_wconf 65' lang='lat'><strong>540</strong></span> <span class='ocrx_word' id='word_1_2' title='bbox 606 461 648 525; x_wconf 90' lang='lat' dir='ltr'><strong>D.</strong></span> <span class='ocrx_word' id='word_1_3' title='bbox 678 459 818 527; x_wconf 88' lang='lat' dir='ltr'>JUNII</span> <span class='ocrx_word' id='word_1_4' title='bbox 845 459 1128 532; x_wconf 84' lang='lat' dir='ltr'><strong>JUVENALIS</strong></span> 
     </span>
     <span class='ocr_line' id='line_1_2' title="bbox 328 575 1109 670; baseline 0.009 -27"><span class='ocrx_word' id='word_1_5' title='bbox 328 575 505 670; x_wconf 82' lang='lat' dir='ltr'>Alcyonen</span> <span class='ocrx_word' id='word_1_6' title='bbox 521 577 637 664; x_wconf 85' lang='lat' dir='ltr'><strong>Pacci,</strong></span> <span class='ocrx_word' id='word_1_7' title='bbox 653 578 786 648; x_wconf 86' lang='lat' dir='ltr'>Thebas</span> <span class='ocrx_word' id='word_1_8' title='bbox 803 594 837 647; x_wconf 91' lang='lat' dir='ltr'><strong>et</strong></span> <span class='ocrx_word' id='word_1_9' title='bbox 851 580 961 649; x_wconf 85' lang='lat' dir='ltr'><strong>Terea</strong></span> <span class='ocrx_word' id='word_1_10' title='bbox 977 583 1109 650; x_wconf 75' lang='lat' dir='ltr'><strong>Fausti.-</strong></span> 
     </span>
     <span class='ocr_line' id='line_1_3' title="bbox 329 686 1161 783; baseline 0.007 -31"><span class='ocrx_word' id='word_1_11' title='bbox 329 688 405 755; x_wconf 89' lang='lat' dir='ltr'><strong>Hoc</strong></span> <span class='ocrx_word' id='word_1_12' title='bbox 420 686 538 774; x_wconf 89' lang='lat' dir='ltr'><strong>satius,</strong></span> <span class='ocrx_word' id='word_1_13' title='bbox 552 713 653 783; x_wconf 90' lang='lat' dir='ltr'><strong>quam</strong></span> <span class='ocrx_word' id='word_1_14' title='bbox 670 689 698 758; x_wconf 91' lang='lat' dir='ltr'><strong>si</strong></span> <span class='ocrx_word' id='word_1_15' title='bbox 715 689 805 759; x_wconf 88' lang='lat' dir='ltr'><strong>dicas</strong></span> <span class='ocrx_word' id='word_1_16' title='bbox 818 689 881 758; x_wconf 88' lang='lat' dir='ltr'><strong>sub</strong></span> <span class='ocrx_word' id='word_1_17' title='bbox 894 689 1028 782; x_wconf 81' lang='lat' dir='ltr'><strong>judice3</strong></span> <span class='ocrx_word' id='word_1_18' title='bbox 1042 691 1161 776; x_wconf 71' lang='lat' dir='ltr'><strong>«Vidi,</strong></span> 
     </span>
     <span class='ocr_line' id='line_1_4' title="bbox 327 794 1120 894; baseline 0.006 -32"><span class='ocrx_word' id='word_1_19' title='bbox 327 794 431 882; x_wconf 89' lang='lat' dir='ltr'><strong>Quod</strong></span> <span class='ocrx_word' id='word_1_20' title='bbox 444 821 515 864; x_wconf 92' lang='lat' dir='ltr'><strong>non</strong></span> <span class='ocrx_word' id='word_1_21' title='bbox 531 797 681 867; x_wconf 75' lang='lat' dir='ltr'><strong>vidisti.»</strong></span> <span class='ocrx_word' id='word_1_22' title='bbox 693 800 832 868; x_wconf 81' lang='lat' dir='ltr'><strong>Faciant</strong></span> <span class='ocrx_word' id='word_1_23' title='bbox 846 800 976 894; x_wconf 85' lang='lat' dir='ltr'><strong>equites</strong></span> <span class='ocrx_word' id='word_1_24' title='bbox 989 799 1120 885; x_wconf 88' lang='lat' dir='ltr'><strong>Asiani,</strong></span> 
     </span>
    </p>
   </div>
   <div class='ocr_carea' id='block_1_2' title="bbox 277 904 1407 2326">
    <p class='ocr_par' dir='ltr' id='par_1_2' title="bbox 277 904 1406 1665">
     <span class='ocr_line' id='line_1_5' title="bbox 327 904 1402 1006; baseline 0.002 -34"><span class='ocrx_word' id='word_1_25' title='bbox 327 904 543 1001; x_wconf 84' lang='lat' dir='ltr'><strong>Quamquam</strong></span> <span class='ocrx_word' id='word_1_26' title='bbox 559 921 593 976; x_wconf 96' lang='lat' dir='ltr'><strong>et</strong></span> <span class='ocrx_word' id='word_1_27' title='bbox 606 909 825 1004; x_wconf 85' lang='lat' dir='ltr'><strong>Cappadoces</strong></span> <span class='ocrx_word' id='word_1_28' title='bbox 842 908 969 978; x_wconf 85' lang='lat' dir='ltr'><strong>faciant</strong></span> <span class='ocrx_word' id='word_1_29' title='bbox 984 907 1184 1005; x_wconf 81' lang='lat' dir='ltr'><strong>equitesque</strong></span> <span class='ocrx_word' id='word_1_30' title='bbox 1198 909 1353 1006; x_wconf 80' lang='lat' dir='ltr'><strong>Bithyni,</strong></span> <span class='ocrx_word' id='word_1_31' title='bbox 1372 922 1402 974; x_wconf 69' lang='grc' dir='ltr'><strong>ιε</strong></span> 
     </span>
     <span class='ocr_line' id='line_1_6' title="bbox 327 1013 1034 1109; baseline 0.007 -26"><span class='ocrx_word' id='word_1_32' title='bbox 327 1013 445 1083; x_wconf 86' lang='lat' dir='ltr'><strong>Altera</strong></span> <span class='ocrx_word' id='word_1_33' title='bbox 458 1041 543 1109; x_wconf 93' lang='lat' dir='ltr'><strong>quos</strong></span> <span class='ocrx_word' id='word_1_34' title='bbox 556 1017 650 1086; x_wconf 91' lang='lat' dir='ltr'><strong>nudo</strong></span> <span class='ocrx_word' id='word_1_35' title='bbox 665 1018 815 1090; x_wconf 87' lang='lat' dir='ltr'><strong>traducit</strong></span> <span class='ocrx_word' id='word_1_36' title='bbox 827 1019 939 1090; x_wconf 90' lang='lat' dir='ltr'><strong>Gallia</strong></span> <span class='ocrx_word' id='word_1_37' title='bbox 955 1019 1034 1090; x_wconf 88' lang='lat' dir='ltr'><strong>talo.</strong></span> 
     </span>
     <span class='ocr_line' id='line_1_7' title="bbox 277 1127 1237 1226; baseline -0.002 -24"><span class='ocrx_word' id='word_1_38' title='bbox 277 1183 281 1202; x_wconf 89' lang='lat'>.</span> <span class='ocrx_word' id='word_1_39' title='bbox 377 1127 490 1197; x_wconf 88' lang='lat' dir='ltr'><strong>Nemo</strong></span> <span class='ocrx_word' id='word_1_40' title='bbox 509 1144 623 1198; x_wconf 88' lang='lat' dir='ltr'><strong>tamen</strong></span> <span class='ocrx_word' id='word_1_41' title='bbox 641 1130 762 1200; x_wconf 90' lang='lat' dir='ltr'><strong>studiis</strong></span> <span class='ocrx_word' id='word_1_42' title='bbox 778 1131 957 1226; x_wconf 90' lang='lat' dir='ltr'><strong>indignum</strong></span> <span class='ocrx_word' id='word_1_43' title='bbox 975 1131 1066 1201; x_wconf 85' lang='lat' dir='ltr'><strong>ferre</strong></span> <span class='ocrx_word' id='word_1_44' title='bbox 1085 1131 1237 1201; x_wconf 86' lang='lat' dir='ltr'><strong>laborem</strong></span> 
     </span>
     <span class='ocr_line' id='line_1_8' title="bbox 328 1236 1145 1337; baseline 0.007 -33"><span class='ocrx_word' id='word_1_45' title='bbox 328 1236 480 1330; x_wconf 91' lang='lat' dir='ltr'><strong>Cogetur</strong></span> <span class='ocrx_word' id='word_1_46' title='bbox 493 1239 650 1332; x_wconf 89' lang='lat' dir='ltr'><strong>posthac,</strong></span> <span class='ocrx_word' id='word_1_47' title='bbox 667 1241 776 1312; x_wconf 83' lang='lat' dir='ltr'><strong>nectit</strong></span> <span class='ocrx_word' id='word_1_48' title='bbox 789 1242 997 1337; x_wconf 87' lang='lat' dir='ltr'><strong>quicumque</strong></span> <span class='ocrx_word' id='word_1_49' title='bbox 1012 1241 1145 1310; x_wconf 86' lang='lat' dir='ltr'><strong>canoris</strong></span> 
     </span>
     <span class='ocr_line' id='line_1_9' title="bbox 327 1343 1211 1444; baseline 0.007 -31"><span class='ocrx_word' id='word_1_50' title='bbox 327 1343 511 1442; x_wconf 88' lang='lat' dir='ltr'><strong>Eloquium</strong></span> <span class='ocrx_word' id='word_1_51' title='bbox 525 1349 641 1419; x_wconf 81' lang='lat' dir='ltr'><strong>vocale</strong></span> <span class='ocrx_word' id='word_1_52' title='bbox 656 1351 782 1439; x_wconf 91' lang='lat' dir='ltr'><strong>modis,</strong></span> <span class='ocrx_word' id='word_1_53' title='bbox 798 1351 999 1444; x_wconf 86' lang='lat' dir='ltr'><strong>laurumque</strong></span> <span class='ocrx_word' id='word_1_54' title='bbox 1013 1350 1211 1420; x_wconf 91' lang='lat' dir='ltr'><strong>momordit.</strong></span> 
     </span>
     <span class='ocr_line' id='line_1_10' title="bbox 329 1457 1406 1555; baseline 0.004 -33"><span class='ocrx_word' id='word_1_55' title='bbox 329 1457 406 1526; x_wconf 92' lang='lat' dir='ltr'><strong>Hoc</strong></span> <span class='ocrx_word' id='word_1_56' title='bbox 419 1457 523 1552; x_wconf 88' lang='lat' dir='ltr'><strong>agite,</strong></span> <span class='ocrx_word' id='word_1_57' title='bbox 540 1482 562 1528; x_wconf 93' lang='lat' dir='ltr'><strong>o</strong></span> <span class='ocrx_word' id='word_1_58' title='bbox 575 1459 740 1552; x_wconf 88' lang='lat' dir='ltr'><strong>juvenes:</strong></span> <span class='ocrx_word' id='word_1_59' title='bbox 758 1459 991 1555; x_wconf 89' lang='lat' dir='ltr'><strong>circumspicit</strong></span> <span class='ocrx_word' id='word_1_60' title='bbox 1004 1475 1040 1529; x_wconf 93' lang='lat' dir='ltr'><strong>et</strong></span> <span class='ocrx_word' id='word_1_61' title='bbox 1053 1460 1207 1530; x_wconf 89' lang='lat' dir='ltr'><strong>stimulat</strong></span> <span class='ocrx_word' id='word_1_62' title='bbox 1219 1484 1302 1548; x_wconf 84' lang='lat' dir='ltr'><strong>vos,</strong></span> <span class='ocrx_word' id='word_1_63' title='bbox 1374 1492 1406 1526; x_wconf 66' lang='grc' dir='ltr'>κ</span> 
     </span>
     <span class='ocr_line' id='line_1_11' title="bbox 330 1566 1139 1665; baseline 0.007 -32"><span class='ocrx_word' id='word_1_64' title='bbox 330 1566 579 1663; x_wconf 86' lang='lat' dir='ltr'><strong>Materiamque</strong></span> <span class='ocrx_word' id='word_1_65' title='bbox 592 1569 656 1638; x_wconf 91' lang='lat' dir='ltr'><strong>sihi</strong></span> <span class='ocrx_word' id='word_1_66' title='bbox 672 1569 766 1640; x_wconf 91' lang='lat' dir='ltr'><strong>ducis</strong></span> <span class='ocrx_word' id='word_1_67' title='bbox 782 1569 994 1664; x_wconf 84' lang='lat' dir='ltr'><strong>indulgentia</strong></span> <span class='ocrx_word' id='word_1_68' title='bbox 1008 1570 1139 1665; x_wconf 80' lang='lat' dir='ltr'><strong>quaerit</strong></span> 
     </span>
    </p>

    <p class='ocr_par' dir='ltr' id='par_1_3' title="bbox 329 1676 1407 2326">
     <span class='ocr_line' id='line_1_12' title="bbox 378 1676 1287 1776; baseline 0.007 -32"><span class='ocrx_word' id='word_1_69' title='bbox 378 1676 413 1744; x_wconf 90' lang='lat' dir='ltr'><strong>Si</strong></span> <span class='ocrx_word' id='word_1_70' title='bbox 429 1701 497 1771; x_wconf 90' lang='lat' dir='ltr'><strong>qua</strong></span> <span class='ocrx_word' id='word_1_71' title='bbox 511 1677 647 1747; x_wconf 89' lang='lat' dir='ltr'><strong>aliunde</strong></span> <span class='ocrx_word' id='word_1_72' title='bbox 663 1695 761 1774; x_wconf 88' lang='lat' dir='ltr'><strong>putas</strong></span> <span class='ocrx_word' id='word_1_73' title='bbox 779 1704 894 1748; x_wconf 89' lang='lat' dir='ltr'><strong>rerum</strong></span> <span class='ocrx_word' id='word_1_74' title='bbox 911 1680 1138 1776; x_wconf 85' lang='lat' dir='ltr'><strong>exspectanda</strong></span> <span class='ocrx_word' id='word_1_75' title='bbox 1150 1696 1287 1750; x_wconf 88' lang='lat' dir='ltr'><strong>tuarum</strong></span> 
     </span>
     <span class='ocr_line' id='line_1_13' title="bbox 329 1785 1213 1882; baseline 0.009 -29"><span class='ocrx_word' id='word_1_76' title='bbox 329 1785 504 1874; x_wconf 81' lang='lat' dir='ltr'><strong>Praesidia,</strong></span> <span class='ocrx_word' id='word_1_77' title='bbox 519 1803 620 1882; x_wconf 87' lang='lat' dir='ltr'><strong>atque</strong></span> <span class='ocrx_word' id='word_1_78' title='bbox 635 1788 713 1859; x_wconf 89' lang='lat' dir='ltr'><strong>ideo</strong></span> <span class='ocrx_word' id='word_1_79' title='bbox 728 1814 856 1860; x_wconf 90' lang='lat' dir='ltr'><strong>croccae</strong></span> <span class='ocrx_word' id='word_1_80' title='bbox 870 1792 1069 1861; x_wconf 89' lang='lat' dir='ltr'><strong>membrana</strong></span> <span class='ocrx_word' id='word_1_81' title='bbox 1084 1791 1213 1860; x_wconf 90' lang='lat' dir='ltr'><strong>tabellae</strong></span> 
     </span>
     <span class='ocr_line' id='line_1_14' title="bbox 329 1894 1254 1996; baseline 0.005 -32"><span class='ocrx_word' id='word_1_82' title='bbox 329 1894 516 1990; x_wconf 89' lang='lat' dir='ltr'><strong>Impletur‚</strong></span> <span class='ocrx_word' id='word_1_83' title='bbox 532 1896 703 1993; x_wconf 92' lang='lat' dir='ltr'><strong>lignorum</strong></span> <span class='ocrx_word' id='word_1_84' title='bbox 720 1899 847 1995; x_wconf 91' lang='lat' dir='ltr'><strong>aliquid</strong></span> <span class='ocrx_word' id='word_1_85' title='bbox 863 1925 965 1996; x_wconf 91' lang='lat' dir='ltr'><strong>posce</strong></span> <span class='ocrx_word' id='word_1_86' title='bbox 981 1901 1091 1988; x_wconf 88' lang='lat' dir='ltr'><strong>ocius,</strong></span> <span class='ocrx_word' id='word_1_87' title='bbox 1107 1915 1158 1987; x_wconf 93' lang='lat' dir='ltr'><strong>et,</strong></span> <span class='ocrx_word' id='word_1_88' title='bbox 1176 1925 1254 1994; x_wconf 73' lang='lat' dir='ltr'><strong>quae</strong></span> 
     </span>
     <span class='ocr_line' id='line_1_15' title="bbox 330 2007 1407 2102; baseline -0.001 -25"><span class='ocrx_word' id='word_1_89' title='bbox 330 2007 637 2102; x_wconf 89' lang='lat' dir='ltr'><strong>Componis,dona</strong></span> <span class='ocrx_word' id='word_1_90' title='bbox 648 2009 1023 2098; x_wconf 85' lang='lat' dir='ltr'><strong>Veneris,Thelesine,</strong></span> <span class='ocrx_word' id='word_1_91' title='bbox 1038 2011 1176 2096; x_wconf 86' lang='lat' dir='ltr'><strong>marito;</strong></span> <span class='ocrx_word' id='word_1_92' title='bbox 1378 2023 1407 2077; x_wconf 78' lang='lat'><strong>25</strong></span> 
     </span>
     <span class='ocr_line' id='line_1_16' title="bbox 330 2116 1205 2216; baseline 0.006 -32"><span class='ocrx_word' id='word_1_93' title='bbox 330 2119 402 2185; x_wconf 86' lang='lat' dir='ltr'><strong>Aut</strong></span> <span class='ocrx_word' id='word_1_94' title='bbox 417 2116 553 2207; x_wconf 86' lang='lat' dir='ltr'><strong>claude,</strong></span> <span class='ocrx_word' id='word_1_95' title='bbox 570 2135 606 2189; x_wconf 90' lang='lat' dir='ltr'><strong>et</strong></span> <span class='ocrx_word' id='word_1_96' title='bbox 621 2121 750 2216; x_wconf 91' lang='lat' dir='ltr'><strong>positos</strong></span> <span class='ocrx_word' id='word_1_97' title='bbox 766 2122 858 2190; x_wconf 90' lang='lat' dir='ltr'><strong>tinea</strong></span> <span class='ocrx_word' id='word_1_98' title='bbox 876 2119 1046 2216; x_wconf 88' lang='lat' dir='ltr'><strong>pertunde</strong></span> <span class='ocrx_word' id='word_1_99' title='bbox 1062 2119 1205 2190; x_wconf 89' lang='lat' dir='ltr'><strong>libellos.</strong></span> 
     </span>
     <span class='ocr_line' id='line_1_17' title="bbox 331 2228 1212 2326; baseline 0.005 -32"><span class='ocrx_word' id='word_1_100' title='bbox 331 2229 463 2323; x_wconf 84' lang='lat' dir='ltr'><strong>Frange</strong></span> <span class='ocrx_word' id='word_1_101' title='bbox 477 2230 581 2300; x_wconf 88' lang='lat' dir='ltr'><strong>miser</strong></span> <span class='ocrx_word' id='word_1_102' title='bbox 595 2231 754 2320; x_wconf 88' lang='lat' dir='ltr'><strong>calamos,</strong></span> <span class='ocrx_word' id='word_1_103' title='bbox 769 2231 973 2326; x_wconf 84' lang='lat' dir='ltr'><strong>vigilataque</strong></span> <span class='ocrx_word' id='word_1_104' title='bbox 987 2229 1103 2325; x_wconf 86' lang='lat' dir='ltr'><strong>praelia</strong></span> <span class='ocrx_word' id='word_1_105' title='bbox 1117 2228 1212 2318; x_wconf 89' lang='lat' dir='ltr'><strong>dele,</strong></span> 
     </span>
    </p>
   </div>
   <div class='ocr_carea' id='block_1_3' title="bbox 327 2420 1464 3801">
    <p class='ocr_par' dir='ltr' id='par_1_4' title="bbox 327 2420 1410 2946">
     <span class='ocr_line' id='line_1_18' title="bbox 331 2420 1409 2504; baseline 0.005 -29"><span class='ocrx_word' id='word_1_106' title='bbox 331 2420 378 2477; x_wconf 80' lang='lat' dir='ltr'><strong>vel</strong></span> <span class='ocrx_word' id='word_1_107' title='bbox 388 2421 506 2480; x_wconf 78' lang='lat' dir='ltr'><strong>Thebas</strong></span> <span class='ocrx_word' id='word_1_108' title='bbox 515 2434 545 2481; x_wconf 90' lang='lat' dir='ltr'><strong>et</strong></span> <span class='ocrx_word' id='word_1_109' title='bbox 554 2427 699 2499; x_wconf 88' lang='lat' dir='ltr'><strong>Tereum,</strong></span> <span class='ocrx_word' id='word_1_110' title='bbox 709 2427 1058 2504; x_wconf 81' lang='lat' dir='ltr'><strong>aFaustocompositum:</strong></span> <span class='ocrx_word' id='word_1_111' title='bbox 1068 2435 1202 2502; x_wconf 75' lang='lat' dir='ltr'><strong>prestat,</strong></span> <span class='ocrx_word' id='word_1_112' title='bbox 1211 2422 1409 2499; x_wconf 67' lang='lat' dir='ltr'><strong>inquam„hae</strong></span> 
     </span>
     <span class='ocr_line' id='line_1_19' title="bbox 329 2515 1410 2596; baseline 0.001 -27"><span class='ocrx_word' id='word_1_113' title='bbox 329 2525 393 2572; x_wconf 85' lang='lat' dir='ltr'><strong>arte</strong></span> <span class='ocrx_word' id='word_1_114' title='bbox 406 2515 497 2572; x_wconf 86' lang='lat' dir='ltr'><strong>vitam</strong></span> <span class='ocrx_word' id='word_1_115' title='bbox 509 2519 651 2592; x_wconf 90' lang='lat' dir='ltr'><strong>tolerare,</strong></span> <span class='ocrx_word' id='word_1_116' title='bbox 664 2539 753 2596; x_wconf 83' lang='lat' dir='ltr'><strong>quam</strong></span> <span class='ocrx_word' id='word_1_117' title='bbox 764 2520 859 2578; x_wconf 79' lang='lat' dir='ltr'><strong>facere</strong></span> <span class='ocrx_word' id='word_1_118' title='bbox 870 2531 1012 2596; x_wconf 76' lang='lat' dir='ltr'><strong>questum</strong></span> <span class='ocrx_word' id='word_1_119' title='bbox 1021 2517 1148 2576; x_wconf 90' lang='lat' dir='ltr'><strong>diceudo</strong></span> <span class='ocrx_word' id='word_1_120' title='bbox 1160 2517 1265 2574; x_wconf 76' lang='lat' dir='ltr'><strong>falsum</strong></span> <span class='ocrx_word' id='word_1_121' title='bbox 1277 2515 1410 2572; x_wconf 88' lang='lat' dir='ltr'><strong>testimo·</strong></span> 
     </span>
     <span class='ocr_line' id='line_1_20' title="bbox 328 2606 1409 2686; baseline 0.001 -24"><span class='ocrx_word' id='word_1_122' title='bbox 328 2606 424 2678; x_wconf 89' lang='lat' dir='ltr'><strong>nium,</strong></span> <span class='ocrx_word' id='word_1_123' title='bbox 437 2617 466 2665; x_wconf 91' lang='lat' dir='ltr'><strong>et</strong></span> <span class='ocrx_word' id='word_1_124' title='bbox 477 2606 651 2669; x_wconf 83' lang='lat' dir='ltr'><strong>affirmando</strong></span> <span class='ocrx_word' id='word_1_125' title='bbox 659 2631 723 2670; x_wconf 87' lang='lat' dir='ltr'><strong>rem</strong></span> <span class='ocrx_word' id='word_1_126' title='bbox 734 2631 751 2669; x_wconf 89' lang='lat' dir='ltr'><strong>a</strong></span> <span class='ocrx_word' id='word_1_127' title='bbox 762 2625 790 2670; x_wconf 89' lang='lat' dir='ltr'><strong>te</strong></span> <span class='ocrx_word' id='word_1_128' title='bbox 801 2613 892 2670; x_wconf 79' lang='lat' dir='ltr'><strong>risam</strong></span> <span class='ocrx_word' id='word_1_129' title='bbox 902 2631 980 2682; x_wconf 89' lang='lat' dir='ltr'><strong>esse,</strong></span> <span class='ocrx_word' id='word_1_130' title='bbox 992 2630 1056 2686; x_wconf 73' lang='lat' dir='ltr'><strong>que</strong></span> <span class='ocrx_word' id='word_1_131' title='bbox 1066 2612 1127 2668; x_wconf 86' lang='lat' dir='ltr'><strong>visa</strong></span> <span class='ocrx_word' id='word_1_132' title='bbox 1137 2628 1200 2666; x_wconf 88' lang='lat' dir='ltr'><strong>nou</strong></span> <span class='ocrx_word' id='word_1_133' title='bbox 1211 2610 1264 2666; x_wconf 86' lang='lat' dir='ltr'><strong>sit:</strong></span> <span class='ocrx_word' id='word_1_134' title='bbox 1275 2606 1409 2684; x_wconf 74' lang='lat' dir='ltr'><strong>quamuis</strong></span> 
     </span>
     <span class='ocr_line' id='line_1_21' title="bbox 327 2699 1409 2780; baseline 0.002 -25"><span class='ocrx_word' id='word_1_135' title='bbox 327 2699 385 2756; x_wconf 93' lang='lat' dir='ltr'><strong>hoc</strong></span> <span class='ocrx_word' id='word_1_136' title='bbox 403 2700 458 2758; x_wconf 93' lang='lat' dir='ltr'><strong>illis</strong></span> <span class='ocrx_word' id='word_1_137' title='bbox 473 2702 622 2778; x_wconf 90' lang='lat' dir='ltr'><strong>equitibus</strong></span> <span class='ocrx_word' id='word_1_138' title='bbox 641 2703 741 2776; x_wconf 84' lang='lat' dir='ltr'><strong>novis,</strong></span> <span class='ocrx_word' id='word_1_139' title='bbox 758 2704 812 2780; x_wconf 91' lang='lat' dir='ltr'><strong>qui</strong></span> <span class='ocrx_word' id='word_1_140' title='bbox 830 2722 866 2761; x_wconf 85' lang='lat' dir='ltr'><strong>ex</strong></span> <span class='ocrx_word' id='word_1_141' title='bbox 885 2704 970 2776; x_wconf 77' lang='lat' dir='ltr'><strong>Asia,</strong></span> <span class='ocrx_word' id='word_1_142' title='bbox 988 2703 1191 2780; x_wconf 80' lang='lat' dir='ltr'><strong>Cappadocia,</strong></span> <span class='ocrx_word' id='word_1_143' title='bbox 1207 2701 1362 2779; x_wconf 76' lang='lat' dir='ltr'><strong>Bithynia,</strong></span> <span class='ocrx_word' id='word_1_144' title='bbox 1379 2711 1409 2758; x_wconf 86' lang='lat' dir='ltr'><strong>et</strong></span> 
     </span>
     <span class='ocr_line' id='line_1_22' title="bbox 329 2790 1408 2873; baseline 0.002 -27"><span class='ocrx_word' id='word_1_145' title='bbox 329 2793 547 2853; x_wconf 83' lang='lat' dir='ltr'><strong>Gallo-Graecia</strong></span> <span class='ocrx_word' id='word_1_146' title='bbox 557 2794 644 2854; x_wconf 89' lang='lat' dir='ltr'><strong>undis</strong></span> <span class='ocrx_word' id='word_1_147' title='bbox 652 2795 779 2873; x_wconf 87' lang='lat' dir='ltr'><strong>pedibus</strong></span> <span class='ocrx_word' id='word_1_148' title='bbox 789 2798 914 2854; x_wconf 85' lang='lat' dir='ltr'><strong>Romam</strong></span> <span class='ocrx_word' id='word_1_149' title='bbox 927 2795 966 2853; x_wconf 90' lang='lat' dir='ltr'><strong>ad</strong></span> <span class='ocrx_word' id='word_1_150' title='bbox 977 2795 1165 2854; x_wconf 87' lang='lat' dir='ltr'><strong>serviendum</strong></span> <span class='ocrx_word' id='word_1_151' title='bbox 1175 2804 1335 2863; x_wconf 76' lang='lat' dir='ltr'><strong>reuerent,</strong></span> <span class='ocrx_word' id='word_1_152' title='bbox 1344 2790 1408 2849; x_wconf 88' lang='lat' dir='ltr'><strong>usi-</strong></span> 
     </span>
     <span class='ocr_line' id='line_1_23' title="bbox 330 2889 659 2946; baseline 0.018 -6"><span class='ocrx_word' id='word_1_153' title='bbox 330 2894 423 2941; x_wconf 89' lang='lat' dir='ltr'><strong>tatum</strong></span> <span class='ocrx_word' id='word_1_154' title='bbox 433 2896 462 2943; x_wconf 90' lang='lat' dir='ltr'><strong>et</strong></span> <span class='ocrx_word' id='word_1_155' title='bbox 470 2889 599 2946; x_wconf 88' lang='lat' dir='ltr'><strong>solemne</strong></span> <span class='ocrx_word' id='word_1_156' title='bbox 611 2889 659 2946; x_wconf 89' lang='lat' dir='ltr'><strong>sit.</strong></span> 
     </span>
    </p>

    <p class='ocr_par' dir='ltr' id='par_1_5' title="bbox 328 2977 1464 3614">
     <span class='ocr_line' id='line_1_24' title="bbox 370 2977 1410 3058; baseline -0.002 -20"><span class='ocrx_word' id='word_1_157' title='bbox 370 2995 415 3050; x_wconf 84' lang='lat'><strong>17.</strong></span> <span class='ocrx_word' id='word_1_158' title='bbox 439 2980 577 3038; x_wconf 87' lang='lat' dir='ltr'><strong>Ceterum</strong></span> <span class='ocrx_word' id='word_1_159' title='bbox 589 2982 736 3040; x_wconf 87' lang='lat' dir='ltr'><strong>nemiuem</strong></span> <span class='ocrx_word' id='word_1_160' title='bbox 746 2983 779 3038; x_wconf 89' lang='lat' dir='ltr'><strong>in</strong></span> <span class='ocrx_word' id='word_1_161' title='bbox 789 2991 941 3056; x_wconf 89' lang='lat' dir='ltr'><strong>posterum</strong></span> <span class='ocrx_word' id='word_1_162' title='bbox 950 3001 987 3040; x_wconf 87' lang='lat' dir='ltr'><strong>ex</strong></span> <span class='ocrx_word' id='word_1_163' title='bbox 997 2983 1034 3039; x_wconf 86' lang='lat' dir='ltr'><strong>iis</strong></span> <span class='ocrx_word' id='word_1_164' title='bbox 1044 2979 1096 3058; x_wconf 87' lang='lat' dir='ltr'><strong>qui</strong></span> <span class='ocrx_word' id='word_1_165' title='bbox 1106 2980 1178 3037; x_wconf 81' lang='lat' dir='ltr'><strong>lolia</strong></span> <span class='ocrx_word' id='word_1_166' title='bbox 1187 2979 1262 3037; x_wconf 84' lang='lat' dir='ltr'><strong>lauri</strong></span> <span class='ocrx_word' id='word_1_167' title='bbox 1271 2977 1410 3037; x_wconf 84' lang='lat' dir='ltr'><strong>dentibus</strong></span> 
     </span>
     <span class='ocr_line' id='line_1_25' title="bbox 328 3071 1464 3152; baseline 0.004 -28"><span class='ocrx_word' id='word_1_168' title='bbox 328 3079 464 3144; x_wconf 89' lang='lat' dir='ltr'><strong>terentes,</strong></span> <span class='ocrx_word' id='word_1_169' title='bbox 474 3086 504 3131; x_wconf 93' lang='lat' dir='ltr'><strong>et</strong></span> <span class='ocrx_word' id='word_1_170' title='bbox 514 3075 621 3151; x_wconf 83' lang='lat' dir='ltr'><strong>spiritu</strong></span> <span class='ocrx_word' id='word_1_171' title='bbox 631 3076 748 3152; x_wconf 89' lang='lat' dir='ltr'><strong>poetico</strong></span> <span class='ocrx_word' id='word_1_172' title='bbox 759 3073 865 3145; x_wconf 84' lang='lat' dir='ltr'><strong>afflati,</strong></span> <span class='ocrx_word' id='word_1_173' title='bbox 880 3093 1005 3132; x_wconf 84' lang='lat' dir='ltr'><strong>canoros</strong></span> <span class='ocrx_word' id='word_1_174' title='bbox 1018 3073 1169 3148; x_wconf 86' lang='lat' dir='ltr'><strong>eloquenti</strong></span> <span class='ocrx_word' id='word_1_175' title='bbox 1177 3071 1307 3130; x_wconf 83' lang='lat' dir='ltr'><strong>carmine</strong></span> <span class='ocrx_word' id='word_1_176' title='bbox 1320 3088 1409 3128; x_wconf 90' lang='lat' dir='ltr'><strong>sonos</strong></span> <span class='ocrx_word' id='word_1_177' title='bbox 1460 3119 1464 3128; x_wconf 90' lang='lat'>.</span> 
     </span>
     <span class='ocr_line' id='line_1_26' title="bbox 328 3163 1409 3246; baseline 0.004 -28"><span class='ocrx_word' id='word_1_178' title='bbox 328 3163 526 3238; x_wconf 82' lang='lat' dir='ltr'><strong>modulantur,</strong></span> <span class='ocrx_word' id='word_1_179' title='bbox 543 3180 654 3245; x_wconf 85' lang='lat' dir='ltr'><strong>egestas</strong></span> <span class='ocrx_word' id='word_1_180' title='bbox 670 3179 756 3246; x_wconf 82' lang='lat' dir='ltr'><strong>coget</strong></span> <span class='ocrx_word' id='word_1_181' title='bbox 772 3168 811 3226; x_wconf 85' lang='lat' dir='ltr'><strong>ad</strong></span> <span class='ocrx_word' id='word_1_182' title='bbox 827 3179 904 3226; x_wconf 88' lang='lat' dir='ltr'><strong>artes</strong></span> <span class='ocrx_word' id='word_1_183' title='bbox 921 3168 1054 3227; x_wconf 85' lang='lat' dir='ltr'><strong>sordidas</strong></span> <span class='ocrx_word' id='word_1_184' title='bbox 1070 3178 1099 3224; x_wconf 88' lang='lat' dir='ltr'><strong>et</strong></span> <span class='ocrx_word' id='word_1_185' title='bbox 1113 3167 1184 3243; x_wconf 83' lang='lat' dir='ltr'><strong>ipsis</strong></span> <span class='ocrx_word' id='word_1_186' title='bbox 1202 3166 1340 3243; x_wconf 83' lang='lat' dir='ltr'><strong>indiguas</strong></span> <span class='ocrx_word' id='word_1_187' title='bbox 1358 3164 1409 3222; x_wconf 92' lang='lat' dir='ltr'><strong>de-</strong></span> 
     </span>
     <span class='ocr_line' id='line_1_27' title="bbox 328 3257 1409 3335; baseline 0 -21"><span class='ocrx_word' id='word_1_188' title='bbox 328 3257 473 3316; x_wconf 82' lang='lat' dir='ltr'><strong>scendere.</strong></span> <span class='ocrx_word' id='word_1_189' title='bbox 494 3262 582 3318; x_wconf 74' lang='lat' dir='ltr'><strong>Macri</strong></span> <span class='ocrx_word' id='word_1_190' title='bbox 600 3263 723 3333; x_wconf 87' lang='lat' dir='ltr'><strong>animis,</strong></span> <span class='ocrx_word' id='word_1_191' title='bbox 746 3262 852 3320; x_wconf 89' lang='lat' dir='ltr'><strong>eruditi</strong></span> <span class='ocrx_word' id='word_1_192' title='bbox 870 3261 1083 3332; x_wconf 86' lang='lat' dir='ltr'><strong>adolescentes;</strong></span> <span class='ocrx_word' id='word_1_193' title='bbox 1100 3278 1137 3317; x_wconf 90' lang='lat' dir='ltr'><strong>eu</strong></span> <span class='ocrx_word' id='word_1_194' title='bbox 1155 3259 1294 3335; x_wconf 88' lang='lat' dir='ltr'><strong>princeps</strong></span> <span class='ocrx_word' id='word_1_195' title='bbox 1310 3259 1409 3314; x_wconf 87' lang='lat' dir='ltr'><strong>muni-</strong></span> 
     </span>
     <span class='ocr_line' id='line_1_28' title="bbox 328 3345 1409 3432; baseline 0.005 -29"><span class='ocrx_word' id='word_1_196' title='bbox 328 3345 401 3405; x_wconf 87' lang='lat' dir='ltr'><strong>ficeu</strong></span> <span class='ocrx_word' id='word_1_197' title='bbox 406 3349 531 3410; x_wconf 84' lang='lat' dir='ltr'><strong>tissimus</strong></span> <span class='ocrx_word' id='word_1_198' title='bbox 544 3354 709 3412; x_wconf 82' lang='lat' dir='ltr'><strong>considerat</strong></span> <span class='ocrx_word' id='word_1_199' title='bbox 721 3355 864 3432; x_wconf 85' lang='lat' dir='ltr'><strong>singulos,</strong></span> <span class='ocrx_word' id='word_1_200' title='bbox 878 3366 908 3412; x_wconf 89' lang='lat' dir='ltr'><strong>et</strong></span> <span class='ocrx_word' id='word_1_201' title='bbox 922 3355 1001 3412; x_wconf 88' lang='lat' dir='ltr'><strong>acuit</strong></span> <span class='ocrx_word' id='word_1_202' title='bbox 1017 3354 1056 3411; x_wconf 88' lang='lat' dir='ltr'><strong>ad</strong></span> <span class='ocrx_word' id='word_1_203' title='bbox 1071 3353 1243 3430; x_wconf 84' lang='lat' dir='ltr'><strong>praeclarum</strong></span> <span class='ocrx_word' id='word_1_204' title='bbox 1256 3353 1409 3420; x_wconf 83' lang='lat' dir='ltr'><strong>laborem,</strong></span> 
     </span>
     <span class='ocr_line' id='line_1_29' title="bbox 329 3439 1409 3524; baseline 0.003 -27"><span class='ocrx_word' id='word_1_205' title='bbox 329 3439 463 3518; x_wconf 86' lang='lat' dir='ltr'><strong>nihilque</strong></span> <span class='ocrx_word' id='word_1_206' title='bbox 478 3444 567 3503; x_wconf 89' lang='lat' dir='ltr'><strong>habet</strong></span> <span class='ocrx_word' id='word_1_207' title='bbox 583 3447 712 3524; x_wconf 84' lang='lat' dir='ltr'><strong>optatius</strong></span> <span class='ocrx_word' id='word_1_208' title='bbox 726 3467 815 3522; x_wconf 89' lang='lat' dir='ltr'><strong>quam</strong></span> <span class='ocrx_word' id='word_1_209' title='bbox 827 3460 860 3505; x_wconf 91' lang='lat' dir='ltr'><strong>ut</strong></span> <span class='ocrx_word' id='word_1_210' title='bbox 873 3447 989 3522; x_wconf 89' lang='lat' dir='ltr'><strong>aliquos</strong></span> <span class='ocrx_word' id='word_1_211' title='bbox 1002 3445 1132 3522; x_wconf 84' lang='lat' dir='ltr'><strong>reperiat</strong></span> <span class='ocrx_word' id='word_1_212' title='bbox 1142 3443 1283 3516; x_wconf 88' lang='lat' dir='ltr'><strong>idoneos,</strong></span> <span class='ocrx_word' id='word_1_213' title='bbox 1300 3443 1334 3500; x_wconf 90' lang='lat' dir='ltr'><strong>iu</strong></span> <span class='ocrx_word' id='word_1_214' title='bbox 1344 3441 1409 3519; x_wconf 92' lang='lat' dir='ltr'><strong>qui-</strong></span> 
     </span>
     <span class='ocr_line' id='line_1_30' title="bbox 329 3533 1068 3614; baseline 0.004 -24"><span class='ocrx_word' id='word_1_215' title='bbox 329 3533 385 3590; x_wconf 85' lang='lat' dir='ltr'><strong>bus</strong></span> <span class='ocrx_word' id='word_1_216' title='bbox 395 3539 617 3597; x_wconf 82' lang='lat' dir='ltr'><strong>remunerandis</strong></span> <span class='ocrx_word' id='word_1_217' title='bbox 628 3559 711 3598; x_wconf 88' lang='lat' dir='ltr'><strong>suam</strong></span> <span class='ocrx_word' id='word_1_218' title='bbox 722 3541 927 3598; x_wconf 80' lang='lat' dir='ltr'><strong>liberalitatem</strong></span> <span class='ocrx_word' id='word_1_219' title='bbox 940 3548 1068 3614; x_wconf 89' lang='lat' dir='ltr'><strong>promat.</strong></span> 
     </span>
    </p>

    <p class='ocr_par' dir='ltr' id='par_1_6' title="bbox 329 3626 1409 3801">
     <span class='ocr_line' id='line_1_31' title="bbox 371 3626 1408 3708; baseline -0.006 -20"><span class='ocrx_word' id='word_1_220' title='bbox 371 3647 417 3688; x_wconf 83' lang='lat' dir='ltr'><strong>aa.</strong></span> <span class='ocrx_word' id='word_1_221' title='bbox 440 3631 557 3707; x_wconf 89' lang='lat' dir='ltr'><strong>Siquid</strong></span> <span class='ocrx_word' id='word_1_222' title='bbox 572 3633 638 3708; x_wconf 89' lang='lat' dir='ltr'><strong>opis</strong></span> <span class='ocrx_word' id='word_1_223' title='bbox 650 3651 684 3690; x_wconf 91' lang='lat' dir='ltr'><strong>ac</strong></span> <span class='ocrx_word' id='word_1_224' title='bbox 696 3630 840 3690; x_wconf 88' lang='lat' dir='ltr'><strong>mercedis</strong></span> <span class='ocrx_word' id='word_1_225' title='bbox 856 3631 895 3688; x_wconf 85' lang='lat' dir='ltr'><strong>ab</strong></span> <span class='ocrx_word' id='word_1_226' title='bbox 908 3630 965 3687; x_wconf 82' lang='lat' dir='ltr'><strong>olio</strong></span> <span class='ocrx_word' id='word_1_227' title='bbox 975 3640 1137 3704; x_wconf 85' lang='lat' dir='ltr'><strong>exspectas,</strong></span> <span class='ocrx_word' id='word_1_228' title='bbox 1149 3626 1320 3697; x_wconf 79' lang='lat' dir='ltr'><strong>Thelesine,</strong></span> <span class='ocrx_word' id='word_1_229' title='bbox 1337 3635 1408 3684; x_wconf 85' lang='lat' dir='ltr'><strong>etea</strong></span> 
     </span>
     <span class='ocr_line' id='line_1_32' title="bbox 329 3721 1409 3801; baseline -0.002 -23"><span class='ocrx_word' id='word_1_230' title='bbox 329 3741 381 3801; x_wconf 86' lang='lat' dir='ltr'><strong>spe</strong></span> <span class='ocrx_word' id='word_1_231' title='bbox 397 3722 435 3784; x_wconf 85' lang='lat' dir='ltr'><strong>ad</strong></span> <span class='ocrx_word' id='word_1_232' title='bbox 450 3723 638 3783; x_wconf 87' lang='lat' dir='ltr'><strong>scribendum</strong></span> <span class='ocrx_word' id='word_1_233' title='bbox 653 3725 807 3800; x_wconf 88' lang='lat' dir='ltr'><strong>inductus,</strong></span> <span class='ocrx_word' id='word_1_234' title='bbox 826 3723 959 3782; x_wconf 81' lang='lat' dir='ltr'><strong>versibus</strong></span> <span class='ocrx_word' id='word_1_235' title='bbox 974 3723 1159 3781; x_wconf 85' lang='lat' dir='ltr'><strong>membranas</strong></span> <span class='ocrx_word' id='word_1_236' title='bbox 1173 3721 1322 3778; x_wconf 84' lang='lat' dir='ltr'><strong>librorum</strong></span> <span class='ocrx_word' id='word_1_237' title='bbox 1338 3739 1409 3777; x_wconf 82' lang='lat' dir='ltr'><strong>cro·</strong></span> 
     </span>
    </p>
   </div>
   <div class='ocr_carea' id='block_1_4' title="bbox 329 3811 1533 3892">
    <p class='ocr_par' dir='ltr' id='par_1_7' title="bbox 329 3811 1533 3892">
     <span class='ocr_line' id='line_1_33' title="bbox 329 3811 1533 3892; baseline -0.007 -21"><span class='ocrx_word' id='word_1_238' title='bbox 329 3833 392 3872; x_wconf 83' lang='lat' dir='ltr'><strong>ceas</strong></span> <span class='ocrx_word' id='word_1_239' title='bbox 403 3817 544 3892; x_wconf 90' lang='lat' dir='ltr'><strong>comples,</strong></span> <span class='ocrx_word' id='word_1_240' title='bbox 556 3817 679 3888; x_wconf 75' lang='lat' dir='ltr'><strong>falleris,</strong></span> <span class='ocrx_word' id='word_1_241' title='bbox 694 3829 855 3891; x_wconf 82' lang='lat' dir='ltr'><strong>auctorque</strong></span> <span class='ocrx_word' id='word_1_242' title='bbox 868 3815 922 3873; x_wconf 90' lang='lat' dir='ltr'><strong>tibi</strong></span> <span class='ocrx_word' id='word_1_243' title='bbox 935 3834 1018 3887; x_wconf 88' lang='lat' dir='ltr'><strong>sum,</strong></span> <span class='ocrx_word' id='word_1_244' title='bbox 1032 3824 1068 3871; x_wconf 89' lang='lat' dir='ltr'><strong>ut</strong></span> <span class='ocrx_word' id='word_1_245' title='bbox 1078 3814 1175 3888; x_wconf 84' lang='lat' dir='ltr'><strong>iguem</strong></span> <span class='ocrx_word' id='word_1_246' title='bbox 1187 3811 1408 3888; x_wconf 83' lang='lat' dir='ltr'><strong>quamprimum</strong></span> <span class='ocrx_word' id='word_1_247' title='bbox 1526 3851 1533 3862; x_wconf 82' lang='lat'><em>.</em></span> 
     </span>
    </p>
   </div>
   <div class='ocr_carea' id='block_1_5' title="bbox 327 3903 1412 4260">
    <p class='ocr_par' dir='ltr' id='par_1_8' title="bbox 327 3903 1412 4260">
     <span class='ocr_line' id='line_1_34' title="bbox 329 3903 1408 3987; baseline -0.005 -23"><span class='ocrx_word' id='word_1_248' title='bbox 329 3909 454 3966; x_wconf 87' lang='lat' dir='ltr'><strong>admotis</strong></span> <span class='ocrx_word' id='word_1_249' title='bbox 466 3911 552 3987; x_wconf 87' lang='lat' dir='ltr'><strong>lignis</strong></span> <span class='ocrx_word' id='word_1_250' title='bbox 563 3912 679 3983; x_wconf 88' lang='lat' dir='ltr'><strong>excites,</strong></span> <span class='ocrx_word' id='word_1_251' title='bbox 689 3921 717 3969; x_wconf 89' lang='lat' dir='ltr'><strong>et</strong></span> <span class='ocrx_word' id='word_1_252' title='bbox 726 3911 855 3968; x_wconf 84' lang='lat' dir='ltr'><strong>carmina</strong></span> <span class='ocrx_word' id='word_1_253' title='bbox 864 3909 1016 3984; x_wconf 89' lang='lat' dir='ltr'><strong>librosque</strong></span> <span class='ocrx_word' id='word_1_254' title='bbox 1028 3907 1235 3964; x_wconf 88' lang='lat' dir='ltr'><strong>tuosVulcauo</strong></span> <span class='ocrx_word' id='word_1_255' title='bbox 1245 3903 1353 3978; x_wconf 88' lang='lat' dir='ltr'><strong>dones,</strong></span> <span class='ocrx_word' id='word_1_256' title='bbox 1362 3904 1408 3960; x_wconf 85' lang='lat' dir='ltr'><strong>vel</strong></span> 
     </span>
     <span class='ocr_line' id='line_1_35' title="bbox 330 3997 1409 4078; baseline -0.004 -22"><span class='ocrx_word' id='word_1_257' title='bbox 330 4012 409 4057; x_wconf 87' lang='lat' dir='ltr'><strong>certe</strong></span> <span class='ocrx_word' id='word_1_258' title='bbox 417 4001 449 4056; x_wconf 90' lang='lat' dir='ltr'><strong>in</strong></span> <span class='ocrx_word' id='word_1_259' title='bbox 459 4003 567 4060; x_wconf 87' lang='lat' dir='ltr'><strong>scrinio</strong></span> <span class='ocrx_word' id='word_1_260' title='bbox 576 4004 690 4061; x_wconf 89' lang='lat' dir='ltr'><strong>clausos</strong></span> <span class='ocrx_word' id='word_1_261' title='bbox 701 4002 888 4078; x_wconf 88' lang='lat' dir='ltr'><strong>abditosque,</strong></span> <span class='ocrx_word' id='word_1_262' title='bbox 899 4001 985 4059; x_wconf 88' lang='lat' dir='ltr'><strong>tineis</strong></span> <span class='ocrx_word' id='word_1_263' title='bbox 994 3998 1200 4070; x_wconf 80' lang='lat' dir='ltr'><strong>absumendus,</strong></span> <span class='ocrx_word' id='word_1_264' title='bbox 1209 3997 1310 4054; x_wconf 83' lang='lat' dir='ltr'><strong>dedas.</strong></span> <span class='ocrx_word' id='word_1_265' title='bbox 1323 4000 1409 4053; x_wconf 89' lang='lat' dir='ltr'><strong>Potes</strong></span> 
     </span>
     <span class='ocr_line' id='line_1_36' title="bbox 327 4091 1410 4173; baseline -0.006 -23"><span class='ocrx_word' id='word_1_266' title='bbox 327 4095 404 4167; x_wconf 86' lang='lat' dir='ltr'><strong>jem,</strong></span> <span class='ocrx_word' id='word_1_267' title='bbox 422 4095 547 4170; x_wconf 87' lang='lat' dir='ltr'><strong>scriptor</strong></span> <span class='ocrx_word' id='word_1_268' title='bbox 563 4096 680 4167; x_wconf 84' lang='lat' dir='ltr'><strong>infelix,</strong></span> <span class='ocrx_word' id='word_1_269' title='bbox 699 4096 752 4170; x_wconf 89' lang='lat' dir='ltr'><strong>qui</strong></span> <span class='ocrx_word' id='word_1_270' title='bbox 767 4106 892 4173; x_wconf 83' lang='lat' dir='ltr'><strong>augusto</strong></span> <span class='ocrx_word' id='word_1_271' title='bbox 907 4095 939 4151; x_wconf 90' lang='lat' dir='ltr'><strong>iu</strong></span> <span class='ocrx_word' id='word_1_272' title='bbox 957 4111 1058 4150; x_wconf 88' lang='lat' dir='ltr'><strong>museo</strong></span> <span class='ocrx_word' id='word_1_273' title='bbox 1072 4093 1212 4168; x_wconf 76' lang='lat' dir='ltr'><strong>praeclara</strong></span> <span class='ocrx_word' id='word_1_274' title='bbox 1225 4091 1330 4147; x_wconf 91' lang='lat' dir='ltr'><strong>condis</strong></span> <span class='ocrx_word' id='word_1_275' title='bbox 1343 4107 1410 4146; x_wconf 84' lang='lat' dir='ltr'><strong>cer-</strong></span> 
     </span>
     <span class='ocr_line' id='line_1_37' title="bbox 330 4182 1412 4260; baseline -0.002 -18"><span class='ocrx_word' id='word_1_276' title='bbox 330 4185 408 4244; x_wconf 86' lang='lat' dir='ltr'><strong>mina</strong></span> <span class='ocrx_word' id='word_1_277' title='bbox 417 4227 427 4260; x_wconf 92' lang='lat'><strong>,</strong></span> <span class='ocrx_word' id='word_1_278' title='bbox 445 4197 480 4244; x_wconf 87' lang='lat' dir='ltr'><strong>ut</strong></span> <span class='ocrx_word' id='word_1_279' title='bbox 496 4205 635 4246; x_wconf 86' lang='lat' dir='ltr'><strong>coronam</strong></span> <span class='ocrx_word' id='word_1_280' title='bbox 652 4189 780 4248; x_wconf 88' lang='lat' dir='ltr'><strong>sterilem</strong></span> <span class='ocrx_word' id='word_1_281' title='bbox 798 4207 834 4246; x_wconf 82' lang='lat' dir='ltr'><strong>ex</strong></span> <span class='ocrx_word' id='word_1_282' title='bbox 851 4188 959 4246; x_wconf 82' lang='lat' dir='ltr'><strong>hedera</strong></span> <span class='ocrx_word' id='word_1_283' title='bbox 983 4186 1142 4259; x_wconf 85' lang='lat' dir='ltr'><strong>merearis,</strong></span> <span class='ocrx_word' id='word_1_284' title='bbox 1159 4195 1212 4244; x_wconf 87' lang='lat' dir='ltr'><strong>eut</strong></span> <span class='ocrx_word' id='word_1_285' title='bbox 1229 4182 1412 4246; x_wconf 82' lang='lat' dir='ltr'><strong>macilentam</strong></span> 
     </span>
    </p>
   </div>
   <div class='ocr_carea' id='block_1_6' title="bbox 0 0 1572 4990">
    <p class='ocr_par' dir='ltr' id='par_1_9' title="bbox 0 0 1572 4990">
     <span class='ocr_line' id='line_1_38' title="bbox 0 0 1572 4990; baseline 0 0"><span class='ocrx_word' id='word_1_286' title='bbox 0 0 1572 4990; x_wconf 95' lang='lat' dir='ltr'><strong> </strong></span> 
     </span>
    </p>
   </div>
  </div>
 </body>
</html>
