3130 4986
913 254 923 294 l

314 496 376 540 roo
457 467 628 534 VAlllAE
659 461 952 532 LECTIONES
983 461 1046 530 ET
1075 465 1229 531 NOTAE

309 599 411 637 oomam
422 577 533 633 strictim
546 576 581 629 ad
591 587 678 628 eutem
689 571 812 637 tondere,
827 569 848 625 is
860 573 915 646 χρᾷ
927 565 1018 644 usipus,
1032 574 1079 646 qui
1089 591 1145 627 mos
1155 573 1204 626 fuit
1213 573 1281 645 frugi
1291 573 1382 624 homi·

309 662 387 714 uibus
405 671 431 713 et
447 656 633 728 elegantiarum
649 652 806 717 incuriosis3
825 651 897 724 quod
912 670 943 706 ea
956 652 1109 724 Phoeylidis
1122 653 1265 718 sententia,
1282 639 1382 722 cipum

310 735 362 794 ιη’
375 731 470 792 isra'otss
482 728 567 803 sa'paq,
585 734 683 785 factum
698 743 786 782 monet
798 729 940 800 Grangsetss
949 741 969 782 ¹.
989 730 1057 784 Hinc
1071 731 1146 784 stoici
1160 731 1294 794 Lueiauo,
1308 729 1328 782 l.
1343 729 1381 794 l.,

308 817 331 872 s’s
348 817 404 890 χρᾷ
414 805 510 885 eripiat
524 812 659 876 dicuntum
675 827 819 880 eorumque
830 807 953 880 discipuli
967 813 1187 880 detonsajuvesttus
1201 811 1305 875 Persio,
1320 809 1381 874 111,

308 901 357 968 55,
372 899 419 952 uhi
437 897 491 950 vid.
514 895 627 949 Casauh.
648 892 780 958 Quoniam
795 905 858 944 vero
877 895 1055 959 sstpemiiiouim
1071 895 1101 947 fit
1120 896 1233 960 mentio,
1252 893 1381 966 suspicari

307 982 408 1056 possis,
421 980 487 1032 salse
500 975 639 1050 perstringi
652 973 732 1028 simul
745 972 965 1045 philosophorum
978 975 1048 1029 illius
1061 977 1109 1029 mvi
1121 977 1277 1048 singularem
1291 991 1383 1047 super·

306 1065 378 1116 biam
397 1059 643 1130 arrogantiamque,
666 1071 745 1126 quam
770 1053 840 1124 inps.
866 1055 1011 1127 supercilio
1033 1057 1148 1111 adducto
1166 1069 1192 1110 et
1210 1059 1261 1110 alte
1278 1059 1382 1110 sublato

307 1139 422 1210 (Seneca
431 1137 465 1192 de
473 1137 562 1192 Const.
575 1135 636 1206 Sap.
650 1131 681 1226 3)
695 1129 841 1204 prodebant
851 1152 858 1197 ;
870 1133 941 1186 unde
949 1133 1105 1188 dicebantur
1113 1127 1257 1200 martinus,
1268 1130 1381 1203 ᾰιίγιη,

306 1207 422 1290 isras'pus,
436 1214 565 1288 eiramis,
581 1209 713 1283 ὑπεραίρειν
725 1201 876 1278 adrionis,
891 1211 925 1264 de
942 1231 996 1284 quo
1008 1213 1063 1266 sid.
1080 1214 1199 1288 lleynius
1217 1214 1250 1268 ad
1265 1215 1380 1287 Epictet.

306 1321 364 1374 cap.
381 1320 431 1364 aa,
445 1312 488 1364 et,
503 1315 570 1370 quos
590 1295 627 1347 ihi
647 1291 735 1346 laudat
747 1291 863 1362 Bergler.
878 1293 912 1346 ad
924 1294 1044 1365 Aloiphr.
1066 1314 1125 1368 pag.
1142 1303 1209 1362 ¹4⁰3
1229 1297 1382 1350 Hemsterh.

306 1383 340 1437 ad
352 1382 462 1436 Lucian.
481 1391 545 1433 tous.
563 1377 593 1444 1,
615 1395 675 1448 pag.
691 1371 741 1443 373
754 1412 761 1437 ,
775 1382 800 1424 et
812 1372 846 1425 ad
859 1373 994 1446 Aristoph.
1011 1375 1080 1429 Plut.
1096 1377 1163 1447 756;
1178 1378 1239 1429 item
1252 1377 1380 1432 Abreach.

306 1470 380 1521 Leot.
395 1465 513 1518 Aristeu.
525 1481 585 1534 pag.
601 1459 662 1513 336.
676 1457 775 1510 Confer
787 1457 899 1512 Luciani
912 1461 1045 1528 Timoms
1060 1459 1110 1526 54',
1122 1480 1163 1533 pr.
1178 1473 1203 1514 et
1215 1462 1283 1516 Dial.
1299 1463 1380 1516 Mart.

306 1545 350 1610 X,
364 1546 399 1608 6,
418 1555 442 1594 et
455 1557 491 1607 93
510 1559 540 1592 re
556 1539 644 1610 itaque
662 1535 754 1589 festive
771 1545 797 1586 et
812 1537 960 1607 massis
971 1537 1092 1610 inmsjus
1104 1551 1196 1606 aucta,
1209 1559 1382 1596 minaeorum

307 1624 405 1677 dicitur
424 1622 517 1672 brevior
533 1619 614 1671 fuisse
631 1615 759 1684 supemiIio
775 1629 824 1683 per
842 1610 937 1664 fastum
955 1616 1031 1685 quasi
1044 1629 1149 1670 extento
1167 1631 1193 1672 et
1204 1619 1256 1672 alte
1268 1621 1382 1674 sublato.

307 1703 377 1756 Hinc
388 1713 413 1754 et
426 1700 591 1768 supercilium,
604 1707 633 1748 ut
645 1683 734 1763 σ’φριῖσ,
753 1687 909 1762 simpliciter
926 1691 961 1744 de
975 1693 1043 1746 fastu
1057 1693 1215 1762 adhibeam
1229 1696 1284 1752 vid,
1298 1698 1333 1752 ad
1344 1699 1382 1765 V,

309 1788 353 1836 62.
368 1783 430 1834 trec
443 1797 551 1852 prorsus
562 1777 645 1830 aliena
659 1792 715 1827 esse
728 1771 864 1826 contendit
875 1772 954 1828 llein.
966 1814 974 1840 ,
988 1777 1113 1846 quoniam
1131 1777 1159 1830 in
1169 1780 1309 1844 omuibus,
1322 1799 1383 1853 qne

307 1879 384 1940 poeta
397 1861 587 1936 disputaverit,
599 1877 651 1912 non
665 1875 751 1911 sermo
762 1856 796 1909 sit
808 1855 842 1908 de
854 1855 976 1926 superbia
987 1897 994 1922 ,
1007 1857 1052 1910 aed
1062 1858 1096 1911 de
1104 1860 1279 1916 simulatione.
1289 1864 1385 1916 Nonne

308 1967 372 2002 vero
380 1947 437 2000 heo
445 1958 483 1998 eat
492 1943 627 2001 sinulatio,
642 1941 665 1994 si
675 1938 811 2004 homines,
825 1936 859 1990 de
868 1937 965 2008 quibua
974 1939 1070 2011 agitur,
1084 1941 1130 1993 illo
1140 1941 1220 1994 usodo
1231 1945 1383 2016 snperbiam

308 2031 436 2107 produnt,
450 2042 479 2081 ut
491 2023 643 2100 philosophi
656 2019 877 2076 essevideantur?
889 2020 983 2073 Nonne
996 2020 1114 2074 eamdem
1128 2024 1163 2075 ob
1176 2041 1293 2078 oenum
1305 2026 1383 2097 plura

310 2117 395 2170 facere
406 2108 534 2186 possum?
547 2137 584 2148 -
600 2108 700 2166 Verius,
718 2103 833 2175 apertius
845 2114 871 2155 et
883 2101 1029 2173 simplicius
1039 2103 1137 2157 scilicet
1150 2105 1231 2172 facit,
1248 2107 1318 2178 agit,
1334 2109 1383 2178 qui

310 2199 372 2252 vitia
386 2215 432 2250 sua
446 2212 500 2246 uon
510 2189 674 2252 dissimulat,
688 2186 735 2240 sed
748 2185 835 2258 palam
847 2185 994 2256 profitetur.
1017 2185 1060 2238 Sic
1079 2206 1141 2238 vere
1150 2207 1240 2256 agere,
1260 2190 1312 2244 hoc
1326 2204 1383 2258 aas,

308 2281 364 2334 sine
376 2275 603 2336 dissimulatione,
618 2269 684 2322 dicit
695 2269 752 2322 Cio.
768 2267 842 2319 Orat.
858 2266 903 2332 ΙΙ,
917 2266 960 2319 86.
971 2297 1006 2307 -
1018 2271 1181 2330 Peribomius,
1198 2271 1279 2324 homo
1294 2274 1384 2345 impu·

308 2363 393 2418 dicus.
410 2359 475 2412 Vid.
489 2357 568 2408 Varr.
584 2354 656 2406 lectt.

347 2537 413 2583 Vsa.
435 2534 475 2582 16.
488 2527 658 2583 Perhibunius,
671 2525 712 2573 ad.
726 2519 883 2579 Pes-idonius,
898 2532 925 2584 t,
940 2525 971 2582 5,
982 2525 1013 2582 6,
1030 2540 1074 2585 ra,
1088 2542 1133 2588 19,
1148 2528 1197 2585 23,
1211 2538 1259 2588 ²4,
1273 2531 1321 2589 25,
1336 2547 1386 2592 ²7·

312 2603 930 2678 ,s-st,50‚54-69‚71-5s.1²estt0mta,
950 2622 1024 2666 12²,
1038 2607 1255 2671 ³‚10.1s—17,
1275 2627 1323 2671 ιο,
1336 2627 1385 2678 aa,

313 2709 361 2754 aa,
376 2703 424 2754 49,
434 2707 481 2752 7ο,
492 2690 538 2751 75,
551 2689 597 2749 76,
609 2702 649 2748 77.
662 2685 763 2734 Nomen
774 2685 837 2734 forte
850 2684 958 2733 effictum
972 2701 1003 2734 ex
1016 2687 1060 2734 Gr.
1072 2675 1241 2753 stipatim,
1260 2690 1304 2752 qni
1320 2689 1386 2738 cim

311 2788 378 2820 aram
390 2781 426 2818 est
436 2763 623 2835 (Archigallus),
632 2781 684 2813 uon
694 2780 726 2811 ex
733 2753 903 2829 βωμολᾶχας,
917 2779 1015 2822 scurra,
1024 2764 1092 2827 quod
1102 2765 1197 2814 Calder.
1207 2767 1385 2832 suspicabatur.

312 2858 389 2902 Vetus
404 2849 517 2900 scholion
532 2859 586 2897 est:
601 2847 721 2895 «Nomen
739 2845 873 2910 Archigalli
891 2845 993 2905 eimedi,
1012 2863 1085 2908 quem
1098 2849 1221 2912 mergulum
1237 2851 1312 2916 (forte
1324 2853 1384 2916 ffli-

312 2938 375 2995 ium,
388 2952 431 2984 seu
439 2932 572 3000 gaiiulum,
588 2927 628 2977 vel
641 2925 787 2990 matulam),
800 2937 983 2992 conspicientium
1000 2927 1118 2988 dicimus,
1135 2931 1178 2994 qui
1190 2930 1288 2994 publio„
1301 2933 1385 2998 impu.

313 3020 422 3068 dicitiaur
435 3030 565 3080 perpessus
578 3007 730 3077 (professus)
745 3019 788 3056 est.
797 3031 810 3051 ι

347 3115 432 3165 Asin.
456 3109 486 3158 16
504 3123 559 3176 seq.
583 3100 719 3174 Ejusmodi
736 3100 857 3153 homines
875 3120 929 3153 non
946 3101 1074 3155 malitiose
1091 3116 1116 3155 et
1133 3119 1294 3176 repugnante
1313 3110 1384 3164 intus

311 3195 427 3252 ratione,
443 3189 487 3242 vel
502 3187 613 3240 seientes
624 3183 820 3256 prudentesque
835 3195 962 3254 peccant,
980 3183 1027 3236 sed
1046 3185 1088 3236 rel
1108 3184 1183 3237 iuviti
1203 3199 1228 3239 et
1246 3199 1299 3240 tam
1311 3209 1383 3244 caeco

311 3277 346 3332 ad
354 3277 500 3345 voluptates
509 3281 534 3322 et
546 3267 640 3339 flagitia
651 3266 790 3337 rapiuntur
789 3268 887 3334 firmae,
900 3262 951 3316 hoo
962 3277 1011 3329 est,
1023 3264 1134 3336 impetu,
1143 3267 1184 3319 vel
1194 3280 1265 3321 motu
1274 3271 1384 3325 furentis

312 3357 393 3413 ammi
411 3366 438 3408 et
449 3351 611 3414 affectuum,
631 3358 659 3400 ut
671 3346 706 3400 de
719 3347 818 3398 virtute
834 3345 989 3419 nequidem
1002 3348 1132 3417 cogitent,
1153 3367 1239 3420 neque
1254 3353 1336 3407 ,ciam
1355 3371 1384 3408 ,ε

313 3441 380 3494 male
391 3454 487 3508 agere,
505 3431 580 3504 qnasi
596 3429 701 3502 penitus
719 3429 793 3482 sitin
805 3429 837 3481 iis
850 3427 974 3480 exstincta
987 3428 1071 3493 ratio,
1090 3428 1162 3482 unde
1172 3444 1248 3502 poeta
1261 3433 1312 3488 hoc
1326 3437 1385 3490 loco

312 3541 404 3577 eorum
413 3520 518 3570 maritam
529 3527 607 3586 atque
619 3511 844 3584 intemperantiam
849 3512 917 3580 sistis
927 3513 1041 3577 disputat,
1054 3511 1276 3582 quemadmodum
1285 3518 1385 3570 Aristo·

313 3605 375 3658 teies
385 3620 428 3656 eos
436 3595 591 3651 Nicomach.
600 3594 643 3659 11,
651 3605 753 3657 nature,
764 3593 820 3646 sire
828 3605 927 3644 naturae
936 3590 1000 3643 vitio
1009 3608 1133 3663 peccare,
1142 3605 1168 3645 et
1175 3592 1253 3647 Philo
1261 3597 1277 3649 J
1279 3598 1384 3665 ndens,

313 3685 341 3736 in
359 3683 428 3736 libro
447 3678 480 3732 de
497 3673 601 3728 Herede
618 3689 707 3726 rerum
727 3670 893 3736 divinarum,
914 3660 1384 3746 {isnjdsisamdicit-Honau,

736 3826 966 3849 mmmm

315 3946 394 4003 xltt,
409 3944 439 3998 ⁸3
453 3941 538 3988 Horat.
551 3937 622 3986 Satir.
637 3935 676 3994 11,
692 3934 722 3996 3,
738 3935 787 3992 35,
801 3945 826 3982 et
870 3933 953 3981 invit
960 3943 1022 3983 tuot.
1029 3935 1223 3996 o.ao,nlsieonf.
1230 3941 1383 4005 interpretes.

312 4024 375 4072 infra
389 4020 420 4068 ad
431 4021 501 4076 XIV,
518 4033 557 4066 ra.
570 4015 646 4064 Stoici
661 4013 762 4061 berham
776 4013 825 4060 ale·
907 4013 1017 4062 ¹Confer
1026 4015 1129 4064 Casaub.
1137 4018 1168 4066 ad
1177 4019 1302 4084 Theophr.
1311 4021 1386 4070 Char.

312 4101 384 4159 hant,
393 4098 437 4147 aed
446 4107 519 4160 eaput
529 4105 584 4144 oute
593 4105 665 4142 tenus
675 4091 825 4150 tundebant,
870 4093 912 4150 1,
926 4102 940 4148 a
950 4129 956 4151 ,
969 4103 993 4141 et
1002 4094 1064 4142 ibid.
1077 4096 1183 4145 Fischer.
1194 4099 1222 4147 in
1234 4100 1319 4148 Indice
1330 4117 1385 4148 voc,

313 4181 402 4242 Koenig
413 4177 445 4226 ad
456 4179 523 4224 Pers.
532 4177 585 4234 111,
599 4175 643 4234 54,
652 4171 707 4221 noll.
717 4171 825 4219 Lneiaun
870 4163 933 4219 fret
946 4161 1079 4239 au'psedes.
