3058 4988
332 421 396 497 lla
492 418 664 486 VAlilAE
686 419 978 484 LECTIONES
1000 422 1064 488 ET
1087 419 1242 486 NOTAE

331 536 399 590 sucta
409 547 447 590 est
457 537 608 586 manicarum
614 555 626 596 ,·
637 547 761 606 preterea
772 535 810 590 sic
820 536 898 590 verba
908 538 1061 606 quofrcms'tu
1070 549 1096 590 et
1103 549 1193 604 quanto
1202 537 1287 604 galea
1294 535 1403 600 pondere
1515 599 1516 616 ,

330 617 439 671 minime
448 629 623 688 congruerent
634 633 695 670 cum
707 617 749 672 his
759 622 942 690 quantosascs'o
953 633 978 674 et
988 639 1062 686 quom
1072 625 1148 674 denso
1157 625 1230 680 libro,
1244 617 1399 689 quibusnam

330 702 417 754 minor
430 702 550 754 mollitiei
566 702 706 774 paterisne
718 703 823 766 irrisio,
837 704 979 776 quantillis
992 705 1048 758 laus
1061 704 1200 767 virilitatis,
1210 723 1226 756 a
1238 699 1344 754 lerninis
1351 698 1402 750 illis

328 784 464 849 affectata,
476 786 663 840 contineretur.
673 815 708 827 -
717 785 805 843 Locus
814 786 891 840 hicet
900 786 1003 842 lucidus
1013 788 1093 854 foret,
1106 801 1132 841 et
1138 799 1266 842 venmtus
1276 826 1283 848 ,
1295 783 1318 836 si
1327 793 1402 856 poeta

329 868 423 922 rudem
435 887 485 940 pro
491 871 578 938 fascia
590 883 771 936 memorasset,
784 872 826 924 uel
839 871 903 925 huic
919 873 977 926 voci
988 911 996 937 ,
1009 890 1069 944 quas
1085 872 1138 924 sola
1155 872 1215 924 loco
1224 881 1317 922 nocuo
1331 878 1400 918 teste·

294 977 296 982 ¹
328 954 389 1006 bras
399 952 532 1019 offundit,
551 954 601 1006 alia
619 952 735 1026 ejusdem
751 956 868 1026 generis,
885 956 976 1010 saltem
993 955 1093 1027 aptior,
1111 953 1234 1008 substitui
1254 961 1352 1023 possa.
1370 947 1400 998 111

327 1049 443 1108 ruentem
462 1036 528 1089 mihi
548 1037 621 1092 teuit
630 1039 752 1106 fiucin'a,
774 1058 806 1092 ex
822 1057 874 1110 qua
892 1038 1003 1092 lectione
1020 1039 1076 1092 lanc
1092 1038 1238 1090 exoriretur
1255 1031 1399 1088 sententia:

327 1121 530 1188 quemfascs'na
540 1132 565 1174 et
578 1139 651 1188 quom
662 1124 737 1172 denso
748 1123 823 1186 libro,
843 1120 915 1192 ligno
929 1121 997 1190 (nisi
1009 1120 1037 1174 id
1049 1122 1136 1192 potius
1145 1115 1364 1191 reponendum),
1375 1115 1400 1166 in

323 1205 458 1270 poplitibus
469 1207 565 1264 sedeat,
581 1203 666 1275 positu
677 1205 711 1258 sit
720 1205 749 1257 in
759 1221 851 1265 crure,
864 1204 938 1277 quod
951 1206 979 1258 iu
989 1205 1131 1258 certamine
1144 1199 1313 1274 protenditur
1325 1201 1337 1266 (
1344 1195 1401 1250 ride

327 1285 362 1340 ad
376 1304 414 1340 as.
428 1285 496 1355 256)
508 1305 514 1339 ι
528 1305 582 1358 quo
596 1286 721 1360 graphice
737 1287 918 1360 designaretur
928 1299 1009 1341 status
1020 1286 1168 1359 pugnantis.
1183 1284 1240 1337 Nec
1260 1295 1349 1336 tamen
1361 1297 1401 1332 me

329 1369 412 1440 sugit,
424 1387 483 1440 quse
495 1369 666 1426 difficultates
675 1369 744 1425 hauc
754 1373 932 1442 conjecturam
941 1382 1072 1442 premant.
1084 1369 1150 1422 Nam
1163 1367 1198 1420 ad
1210 1365 1303 1438 palum
1313 1363 1399 1433 (coni.

329 1471 369 1504 vs.
381 1455 537 1522 si7et261)
549 1453 657 1505 sortasse
666 1470 719 1505 non
728 1453 779 1505 nisi
787 1453 899 1506 rudibus
907 1454 1085 1526 pugnabatur,
1094 1467 1119 1506 et
1130 1451 1228 1505 retiarii
1240 1449 1291 1502 soli
1301 1446 1399 1500 fuscius

329 1536 477 1597 utebantur,
490 1547 543 1588 nott
553 1543 638 1588 autem
648 1525 737 1604 galea,
749 1540 824 1609 cujus
833 1537 932 1589 mentio
939 1537 968 1589 fit
974 1555 1013 1591 vs.
1023 1541 1085 1592 ¹62.
1096 1535 1238 1588 Enimvero
1246 1531 1276 1584 b.
1287 1532 1305 1582 l.
1317 1531 1399 1582 forsan

330 1630 385 1670 tum
396 1618 430 1671 de
438 1622 507 1691 justa
517 1637 602 1691 pugna
613 1637 700 1672 sermo
708 1632 760 1683 est,
776 1620 802 1672 in
814 1639 865 1692 qua
877 1619 1000 1674 mulieres
1014 1619 1064 1689 (ad
1078 1637 1168 1671 veram
1181 1635 1285 1668 annom
1299 1630 1399 1686 prepa-

329 1713 392 1752 ratae
405 1719 445 1753 vs.
458 1701 527 1769 aba)
545 1715 715 1754 monstratore
729 1702 820 1756 lanista
840 1703 867 1754 in
887 1702 1019 1754 exercitiis
1031 1700 1065 1755 ad
1079 1701 1170 1772 palum
1189 1701 1200 1768 (
1208 1717 1247 1751 as.
1265 1703 1317 1765 247
1327 1697 1399 1766 seq.)

329 1787 387 1834 ictus
400 1787 540 1855 perferunt,
558 1783 714 1838 adversariis
726 1784 858 1849 inferunt,
875 1797 932 1836 tum
943 1783 979 1837 de
990 1783 1090 1856 duplici
1103 1783 1280 1856 pugnantium
1290 1797 1399 1852 genere,

330 1887 442 1940 quarum
455 1869 513 1921 alise
527 1869 638 1932 borum,
653 1870 711 1921 alie
729 1870 835 1923 illorum
857 1870 1032 1942 gladiatorum
1052 1881 1138 1942 partos
1157 1881 1248 1941 agunt.
1264 1897 1300 1907 -
1315 1865 1399 1918 Verba

329 1971 405 2017 quom
416 1953 583 2021 demofascia
593 1955 655 2004 libro
666 1952 745 2023 vulgo
756 1953 824 2005 male
833 1953 1053 2025 interpretantur:
1066 1971 1145 2024 quam
1157 1949 1246 2004 densis
1259 1945 1400 2003 volumini·

329 2035 380 2088 bus
391 2035 560 2108 complicatae
575 2037 743 2108 sinuatasque
756 2049 839 2090 vestes
854 2037 959 2108 colligat
973 2037 1070 2097 fascia,
1084 2036 1136 2089 boc
1148 2047 1205 2100 est,
1225 2046 1255 2086 ιιι
1267 2032 1400 2086 succincta

331 2122 341 2187 (
348 2121 471 2186 subligata
483 2119 554 2192 opud
568 2120 682 2173 Martini.
698 2121 772 2186 VII,
787 2121 830 2186 66,
845 2122 880 2190 l)
893 2131 1020 2193 pugnet¹.
1043 2121 1177 2174 Ferrarius
1191 2119 1274 2173 Flect.
1288 2118 1334 2182 Π,
1354 2121 1398 2178 ri,

330 2202 529 2275 suspicabatur,
552 2203 775 2275 quemadmodum
789 2204 967 2270 Samnitibus,
987 2213 1051 2258 teste
1071 2203 1130 2256 Liv.
1151 2201 1207 2269 lx,
1229 2209 1282 2268 lo,
1301 2203 1399 2269 spongia

329 2286 409 2338 suerit
423 2287 524 2357 pectori
538 2303 659 2358 oppressa
673 2307 723 2360 pro
737 2287 817 2341 lorica
838 2288 848 2357 (
856 2285 908 2340 vid
922 2306 979 2359 sup.
996 2288 1082 2357 ²56),
1101 2287 1135 2340 ita
1152 2305 1202 2358 pro
1215 2286 1310 2339 eadem
1324 2285 1398 2337 lorica

331 2368 411 2420 fuisse
421 2367 485 2421 huic
496 2371 753 2438 matronmsaseiam,
769 2389 801 2422 ex
813 2370 934 2442 pluribus
948 2369 1064 2424 tiliarum
1074 2368 1333 2423 contabulationibus
1344 2372 1399 2418 des·

245 2487 247 2492 ,
331 2465 424 2512 salom,
438 2451 519 2504 veluti
530 2448 673 2525 quamdam
685 2453 838 2506 tabellarum
850 2494 857 2518 ,
872 2453 953 2506 instar
965 2457 1030 2517 libri,
1046 2471 1093 2506 seu
1104 2453 1218 2520 codicis,
1234 2452 1400 2524 compagina-

330 2534 445 2599 tionem,
459 2535 604 2589 muuiendo
618 2536 719 2608 pectori
734 2535 859 2590 adversus
874 2537 952 2590 ictus.

365 2689 433 2739 Van.
453 2693 512 2749 264.
526 2691 654 2758 Scaplsium
664 2693 748 2756 positis
761 2709 808 2757 pro
816 2693 904 2757 positis
916 2691 1054 2758 scaphium,
1067 2709 1110 2753 27,
1123 2693 1236 2752 to-to,
1250 2692 1294 2751 54,
1307 2691 1349 2748 55,
1360 2693 1399 2750 ⁵8,

331 2777 444 2840 ‹tr-oq,
456 2787 559 2840 ἰι-ῆι
570 2793 576 2826 =
588 2793 650 2841 quos
658 2789 776 2841 sequmus
785 2795 848 2826 suns.

365 2867 434 2921 Nor
455 2871 515 2933 164,
530 2869 646 2922 Ridebis
642 2889 743 2943 ‚quum
755 2870 854 2924 videris
866 2887 924 2923 eam
935 2869 1014 2923 armis
1024 2867 1145 2922 virilibus
1155 2867 1249 2940 positis
1262 2867 1399 2920 muliebria

332 2969 450 3014 sumere,
464 2966 490 3005 et
504 2953 640 3006 mulierem
656 2971 711 3008 esse
719 2972 821 3025 ,quam
835 2955 922 3007 virum
937 2971 993 3008 esse
1004 2951 1159 3006 credideras
1183 2951 1242 3004 Hoc
1255 2951 1366 3046 lepide
1357 2971 1398 3004 er

331 3033 425 3102 pressit
439 3043 531 3104 poeta,
545 3045 573 3085 ut
588 3031 641 3086 fere
654 3033 739 3086 Plaut.
753 3033 850 3087 Bacch.
864 3034 894 3097 l,
909 3050 937 3100 1,
953 3031 985 3084 35
998 3051 1103 3103 seq.-
1067 3033 1265 3098 -Seaplsium,
1280 3022 1400 3096 asapius,

328 3131 377 3166 vas
389 3131 535 3168 concavum
546 3127 572 3168 et
580 3118 742 3188 oblongum
756 3130 781 3169 et
793 3117 857 3169 hinc
871 3117 913 3169 vel
926 3115 1017 3188 poculi
1029 3110 1135 3167 rotundi
1149 3131 1231 3184 genus
1245 3115 1280 3183 (v
1300 3112 1400 3166 Ernesti

331 3195 405 3248 Clav.
419 3197 492 3266 Cic.)
504 3239 511 3264 ‚
527 3199 568 3251 vel
579 3199 670 3262 trulla,
681 3217 727 3253 seu
738 3199 851 3265 matula,
861 3199 979 3266 matella,
989 3217 1049 3265 ves,
1061 3197 1105 3250 cni
1116 3196 1255 3250 immeinnt
1263 3197 1399 3262 mulieres,

332 3281 457 3356 quodque
476 3286 508 3338 iis
527 3285 665 3358 proprium
683 3299 736 3351 est,
756 3299 786 3338 ιιι
802 3291 914 3338 lasanum
927 3283 1020 3339 viris.¹
1041 3289 1080 3339 De
1097 3283 1148 3335 hac
1166 3283 1262 3334 matula
1281 3282 1399 3354 plerique

333 3365 416 3439 intpp.
432 3369 539 3440 copiunt
552 3368 578 3421 b.
594 3368 610 3420 l.
625 3381 650 3421 et
662 3369 783 3422 nonnulli
796 3371 880 3422 Plant.
894 3369 911 3420 l.
922 3370 939 3421 l.
952 3378 1028 3421 vetus
1039 3377 1125 3418 autem
1136 3363 1224 3416 Scbol.
1233 3361 1269 3416 de
1278 3383 1341 3417 vase
1351 3383 1397 3436 po·

333 3451 400 3504 torio
414 3451 553 3518 (neutrum
564 3469 628 3502 vcro
636 3453 665 3505 h.
676 3453 695 3504 l.
706 3451 766 3504 satis
776 3453 916 3504 convenire
926 3449 1061 3518 videtur),
1075 3445 1215 3501 Turnebus
1228 3446 1342 3502 Adsere.
1356 3447 1397 3510 11,

334 3557 392 3610 cap.
406 3536 453 3590 ult.
469 3535 501 3590 de
515 3535 647 3610 Capillitio
659 3539 759 3606 scaptoe
770 3536 968 3590 similitudinem
979 3545 1006 3587 et
1017 3534 1128 3586 sormam
1141 3532 1268 3592 habente,
1282 3529 1399 3585 meretri·

721 3707 724 3720 Ι
755 3719 985 3738 mmmmm

890 3751 896 3762 ι

372 3843 380 3868 ¹
399 3837 477 3886 Vetus
488 3834 570 3884 Schol.
583 3835 700 3885 volumen
717 3836 745 3884 in
763 3837 845 3901 specie
925 3837 1318 3930 ²Dabisvniaquaetargentea
1325 3847 1398 3898 eraut,

334 3915 405 3973 libri,
425 3914 451 3960 id
468 3925 518 3974 est,
537 3915 610 3981 longa
631 3917 710 3966 lutis.
733 3917 845 3964 Aliusis
889 3915 963 3964 etde
981 3917 1058 3964 servia
1076 3907 1120 3966 lei
1138 3932 1184 3966 raa
1203 3905 1395 3980 maaflid.

334 3992 396 4042 eod.
407 3993 509 4053 Gud.,1
522 3993 846 4054 danssunlibmmaooatrs·
889 3995 1006 4060 bottigeri
1020 3995 1146 4059 Sabiuap.
1159 3997 1277 4054 34-38,
1290 3996 1348 4044 edit
1361 4011 1395 4059 pr

335 4071 487 4122 volutionem
495 4074 606 4124 crebram
611 4073 847 4141 soscrae,quasub·
888 4076 986 4123 Ernesti
1002 4076 1069 4124 Clav.
1088 4076 1165 4124 Ci.cer
1183 4091 1238 4123 voc.
1256 4075 1397 4141 seraphim

335 4150 473 4214 ligabantur
483 4155 588 4202 lemna
890 4154 1061 4214 Moriatxl,
1077 4171 1121 4216 ro,
1136 4156 1161 4216 6,
1176 4155 1396 4217 etPolln21‚9.
