3148 4990
500 421 688 488 surina
718 425 893 492 nurui.
1196 455 1232 519 η
1310 397 1312 404 ⁴

156 533 242 623 Quid
258 533 369 602 refert
386 535 490 606 dictis
507 540 658 634 ignoscat
674 545 827 630 Mucius,
844 569 886 612 an
902 545 992 613 non?

203 646 294 712 Pone
310 644 545 739 Tigellinum:
564 649 648 718 taeda
666 648 793 720 lucebis
809 653 845 721 in
862 651 932 736 illa,
1185 669 1232 723 155

161 755 232 842 Qua
245 769 375 823 stantes
394 757 533 843 ardent,
551 759 609 851 qui
626 758 692 827 fixo
711 776 847 854 gutture
866 761 1013 850 fumant3

163 870 202 936 Et
216 864 321 934 latum
339 867 452 936 media
468 867 599 938 sulcum
616 869 745 939 diducit
761 895 872 941 arena.

206 975 274 1062 Qui
291 975 386 1044 dedit
403 1001 486 1071 ergo
504 977 610 1047 tribus
627 979 755 1073 patruis
772 979 922 1067 aconita,
938 981 1081 1052 vehatur

164 1084 347 1154 Pensilibus
363 1086 506 1180 plumis,
523 1103 623 1181 atque
641 1087 734 1156 illinc
750 1088 913 1182 despiciat
929 1091 1013 1159 nos?

209 1193 325 1282 Quum
341 1196 458 1264 veniet
475 1212 610 1282 contra,
628 1197 735 1291 digito
752 1222 927 1293 compesce
944 1201 1110 1274 labellum.
1188 1223 1235 1271 rso

163 1307 346 1372 Accusator
363 1306 446 1390 erit,
466 1307 523 1399 qui
540 1305 681 1374 verbum
699 1306 837 1394 dixerit;
854 1309 912 1376 hic
928 1325 988 1378 est

164 1417 306 1484 Securus
322 1415 404 1485 licet
420 1420 561 1485 AEneam
578 1419 810 1514 Rutulumque
827 1419 974 1490 ferocem

163 1527 382 1595 Committas:
400 1526 483 1595 nulli
501 1529 613 1622 gravis
630 1544 680 1597 est
696 1555 872 1624 percussus
888 1532 1055 1620 Achilles;

162 1639 231 1705 Aut
246 1636 392 1706 multum
409 1640 566 1732 quaesitus
582 1639 704 1732 Hylas,
721 1667 907 1736 urnamque
925 1659 1095 1736 sequutus.

163 1751 250 1816 Ense
268 1748 362 1816 velut
378 1749 495 1819 stricto
513 1751 644 1842 quoties
661 1750 812 1820 Lucilius
822 1749 950 1821 'ardens
1186 1772 1235 1823 165

165 1858 361 1946 Infremuit,
381 1860 479 1928 rubet
496 1859 648 1946 auditor,
667 1862 721 1930 cui
738 1861 860 1955 frigida
875 1887 970 1930 mens
986 1878 1037 1930 est

162 2143 279 2206 aperte,
303 2121 472 2206 simpliciter
491 2132 637 2189 scribendi
659 2133 862 2206 quodcumque
883 2151 963 2188 mens
978 2143 1008 2188 et
1030 2133 1073 2188 ira
1089 2134 1238 2206 suasisset,

162 2241 249 2296 quam
264 2222 429 2279 libertatem
442 2222 614 2296 appellarem
623 2263 631 2292 ,
640 2223 664 2278 si
675 2223 774 2280 liceret
786 2223 847 2296 ejus
858 2241 965 2279 nomen
974 2223 1059 2279 edere
1069 2223 1081 2278 i
1093 2226 1156 2301 Ego
1167 2245 1238 2283 vero

160 2333 265 2388 parum
279 2314 396 2381 laboro,
412 2322 513 2370 utrum
526 2315 653 2382 Mucius,
669 2325 718 2370 aut
731 2314 803 2370 alius
817 2313 977 2386 ejusmodi,
993 2333 1079 2387 quem
1095 2317 1165 2372 meis
1178 2337 1239 2374 car-

162 2405 291 2460 minibus
308 2403 502 2478 descripsero,
520 2404 591 2460 mihi
604 2425 671 2462 vera
689 2405 797 2462 dicenti
813 2416 925 2480 parcat,
932 2424 1038 2490 peona.

209 2497 272 2553 155.
293 2498 339 2555 sit
352 2498 392 2553 ita
402 2517 479 2554 sane.
497 2502 534 2554 At
547 2499 756 2574 sifl‘igellinum
771 2501 836 2556 loco
853 2497 942 2554 Mucii
954 2498 1110 2570 describas,
1127 2511 1159 2556 tu
1172 2504 1238 2576 palo

164 2609 218 2666 per
233 2590 373 2647 interiora
390 2589 543 2647 transfixus
559 2592 798 2666 combustusque,
819 2592 920 2647 taedam
935 2591 1082 2648 ardentem
1098 2593 1134 2648 de
1149 2604 1176 2649 te
1191 2595 1239 2650 da-

164 2683 227 2754 bis,
246 2701 301 2756 qua
315 2682 376 2737 rivi
398 2694 427 2739 et
449 2694 557 2741 stantes
574 2685 694 2741 cremari
708 2687 801 2741 solent
822 2683 882 2754 illi,
905 2684 1010 2757 quibus
1024 2684 1109 2758 stipes
1123 2687 1239 2744 adactus

164 2793 219 2849 per
228 2773 358 2830 medium
373 2793 478 2850 corpus
493 2794 509 2831 e
523 2787 640 2852 gutture
654 2778 776 2835 fumanti
794 2777 931 2852 emergit3
948 2795 1011 2851 quae
1026 2777 1114 2846 taeda,
1134 2779 1164 2835 id
1179 2791 1239 2851 est,

165 2884 272 2940 corpus
287 2867 436 2922 incensum
451 2879 480 2923 et
494 2887 572 2925 unco
587 2881 709 2926 tractum
723 2889 776 2944 per
788 2869 912 2924 mediam
923 2886 1056 2938 arenam,
1072 2868 1162 2924 latum
1174 2871 1240 2944 pul-

163 2958 227 3014 veri
242 2959 354 3014 sulcum
368 2959 509 3015 inscribit.

208 3050 276 3108 158.
297 3053 374 3127 Ergo
396 3051 490 3126 patiar
509 3071 591 3119 eum,
608 3052 659 3125 qui
679 3063 736 3108 tres
756 3063 874 3125 patruos
894 3069 960 3107 suos
975 3069 1088 3109 veneno
1108 3055 1239 3126 sustulit,

163 3143 270 3220 gestari
285 3143 402 3217 impune
416 3143 446 3197 in
460 3144 560 3199 lectica
575 3144 691 3199 instrata
706 3144 832 3218 pulvillis
845 3146 942 3218 pluma
958 3145 1054 3214 sartis,
1068 3163 1103 3201 ex
1117 3165 1173 3220 qua
1187 3165 1240 3203 nos

162 3235 246 3292 humi
262 3253 314 3309 per
328 3234 425 3291 vicum
442 3233 636 3311 ingredientes
649 3235 846 3309 despectabitl

209 3327 274 3382 160.
289 3329 388 3384 Patere
401 3330 522 3384 omnino
536 3349 543 3384 :
557 3327 629 3402 quin
646 3327 745 3395 etiam,
758 3347 847 3401 quum
861 3327 941 3382 illum
956 3327 1090 3383 habueris
1104 3329 1239 3401 obvium,

163 3421 283 3494 impone
300 3419 422 3495 digitum
441 3419 506 3489 ori,
529 3440 582 3475 nec
601 3419 710 3475 hiscere
727 3417 843 3492 quidem
859 3419 940 3474 aude.
961 3417 992 3474 Si
1013 3418 1077 3490 quis
1098 3420 1173 3474 enim
1194 3423 1242 3478 vel

162 3514 239 3568 banc
261 3513 400 3568 duntaxat
417 3531 519 3568 vocem
535 3514 665 3570 miserit:
682 3512 730 3569 hic
751 3513 799 3568 ille
815 3513 972 3588 Tigellinus
992 3523 1052 3582 eat3
1075 3515 1170 3570 statim
1193 3516 1240 3571 ali-

163 3605 230 3680 quis
239 3616 343 3679 presto
356 3604 429 3674 erit,
443 3605 493 3678 qui
502 3606 623 3661 verbum
635 3605 713 3662 istud
724 3606 863 3678 excipiat,
877 3622 1000 3678 eumque
1009 3617 1139 3677 accuset,
1152 3624 1168 3661 a
1180 3625 1239 3680 quo

163 3697 253 3754 fuerit
273 3698 430 3771 prolatum.
450 3699 534 3752 Potes
556 3699 703 3753 enimvero
722 3697 895 3754 Rutulorum
920 3716 1018 3772 regem
1039 3698 1186 3768 Turnum,
1210 3712 1240 3756 et

163 3791 284 3846 AEueam
302 3789 380 3844 inter
398 3808 428 3844 se
447 3801 605 3864 pugnantes
624 3801 687 3845 tuto
708 3789 888 3846 describere:
905 3808 991 3844 nemo
1005 3807 1080 3863 agre
1098 3788 1167 3858 sert,
1185 3809 1237 3848 nec

163 3885 374 3952 stomachatur,
398 3901 488 3956 quum
509 3884 649 3940 Achillem
665 3903 682 3939 a
699 3883 801 3940 Paride
819 3884 1000 3938 vulneratum
1014 3883 1112 3953 audit,
1134 3896 1184 3940 aut
1199 3888 1235 3944 ab

163 3977 289 4032 Hercule
300 3975 352 4032 din
363 3975 538 4049 vestigatum
552 3977 660 4050 Hylan,
672 3976 797 4050 quicum
807 3993 879 4029 urna
891 3975 1005 4047 haustus
1013 3974 1094 4048 aquis
1102 3976 1234 4047 perierat.

162 4069 271 4124 Verum
282 4068 400 4143 quoties
413 4076 500 4141 poeta
512 4067 656 4136 satiricus,
673 4079 739 4142 puta
754 4065 895 4133 Lucilius,
908 4065 1041 4122 incensus
1054 4066 1114 4137 ira,
1130 4070 1236 4143 stylum

161 4160 192 4216 in
208 4159 386 4236 flagitiosos,
402 4170 547 4233 tamquam
560 4177 674 4230 ensem,
692 4157 854 4236 distringit,
875 4168 944 4214 tuuc
964 4156 1098 4227 auditor,
1117 4178 1236 4217 suorum

248 4251 276 4316 1.
618 4286 619 4292 κ
1086 4271 1103 4311 a
