3056 4984
469 425 857 495 sarrnasnxrt.
1132 429 1195 516 ³7⁷

133 537 301 638 Contigit,
317 557 351 612 et
364 567 467 638 parva
480 543 614 614 tandem
630 546 774 616 caruisse
788 543 943 640 Seripho.

131 651 285 722 Consulit
301 651 448 723 ictericae
463 653 556 723 lento
571 654 613 724 de
628 654 749 724 funere
763 654 894 755 matris,
938 721 939 726 ,
1148 665 1198 720 565

132 763 219 829 rlnte
235 776 348 830 tamen
363 761 404 830 de
419 777 471 848 te,
485 763 647 858 Tanaquil
662 780 718 833 tua
733 789 742 833 ε
757 763 892 860 quando
904 785 1053 832 sororem

130 869 262 940 Ell'erat
277 886 311 941 et
325 885 480 966 patruos3
497 898 539 942 an
552 874 597 944 sit
609 873 763 944 victurus
774 872 906 944 adulter

131 982 210 1050 Post
225 980 354 1076 ipsam?
367 981 447 1076 quid
463 984 556 1052 enim
570 982 677 1076 majus
691 982 771 1051 dare
784 982 925 1051 numina
939 978 1100 1076 possunt?

176 1093 259 1160 Haec
277 1106 387 1159 tamen
402 1091 552 1186 ignorat,
568 1092 649 1187 quid
664 1091 754 1162 sidus
768 1090 862 1160 triste
877 1090 1025 1159 minetur

131 1199 363 1294 Saturni,quo
378 1199 452 1270 laeta
465 1203 581 1270 Venus
596 1226 631 1270 se
646 1199 797 1296 proferat
810 1215 918 1285 astro,
1149 1211 1201 1286 ⁵7·

130 1309 197 1398 Qui
212 1309 336 1378 mensis
349 1310 495 1397 damnis,
510 1337 584 1406 quae
598 1311 722 1381 dentur
730 1327 888 1407 tempora
902 1311 1007 1382 lucro.

133 1418 227 1488 Illius
241 1443 401 1488 occursus
416 1420 515 1489 ctiam
532 1420 638 1489 vitare
655 1436 846 1507 memento,

134 1530 172 1597 In
189 1528 288 1622 cnjus
304 1529 475 1615 manibus,
489 1553 551 1598 ceu
567 1530 707 1624 pinguia
720 1529 873 1618 succina,
889 1531 984 1601 tritas

131 1641 251 1710 Cernis
268 1640 522 1734 ephemeridem
538 1665 612 1735 quae
627 1640 757 1712 nullum
775 1641 939 1729 consulit,
955 1641 1070 1735 etjam

132 1749 330 1819 Consulitur
345 1775 354 1819 t
371 1776 461 1844 qum,
478 1765 585 1820 castra
601 1750 673 1820 viro
688 1751 873 1845 patriamve
887 1764 1041 1846 petente,
1152 1761 1203 1832 ⁵7⁵

130 1861 209 1944 Non
227 1859 290 1928 ibit
304 1860 430 1954 pariter
445 1861 594 1930 numeris
607 1875 762 1930 revocata
775 1858 952 1953 Thrasylli.

131 1968 183 2038 td
197 1968 345 2063 primum
363 1967 508 2063 lapidem
522 1970 649 2038 vectari
662 1994 767 2064 quum
781 1968 907 2063 placet,
921 1969 1005 2036 hora
1072 1999 1074 2006 ·

132 2075 284 2145 sumitur
299 2100 339 2144 ex
352 2074 441 2146 libro
456 2102 465 2145 ι
479 2078 507 2145 si
519 2077 630 2173 prurit
644 2075 762 2147 frictus
777 2075 874 2146 ocelli

132 2337 217 2395 qnam
225 2319 320 2378 luerat
329 2321 484 2398 relegatus,
499 2323 656 2400 aliquando
667 2323 923 2384 rediresineeetur.
936 2323 1021 2392 Uxor
1032 2329 1094 2391 tna,
1108 2314 1201 2380 namt

132 2412 329 2488 cognoscendi
342 2431 404 2469 ιιοιι
416 2415 511 2472 minus
527 2417 646 2491 cupida,
664 2435 749 2492 quem
765 2415 858 2492 prisca
874 2415 921 2470 illa
936 2412 1094 2488 Tanaquil,
1107 2423 1202 2470 astro·

132 2502 232 2580 logum
256 2504 439 2580 interrogans
455 2507 492 2564 de
511 2518 608 2564 morte
622 2505 794 2564 sue-matris
808 2505 914 2564 morbo
927 2505 1008 2581 regio
1025 2502 1203 2573 laborantis,

131 2613 162 2651 ae
180 2594 291 2652 diutius
308 2615 395 2671 quam
412 2597 499 2655 vellet
518 2597 643 2668 vivacis,
660 2599 697 2659 de
717 2609 765 2654 tua
785 2609 881 2654 mmen
898 2607 994 2654 morte
1005 2596 1089 2671 prins
1101 2613 1136 2652 ex
1152 2614 1206 2652 eo·

132 2687 198 2744 dem
210 2692 415 2764 percontetur,
431 2707 467 2746 ιιι
480 2689 564 2748 brevi
575 2691 611 2747 sit
625 2699 779 2759 eventura·
795 2699 858 2744 tum
870 2688 907 2744 de
918 2705 1019 2744 sorore
1033 2686 1202 2754 sciscitatur,

131 2799 163 2836 ac
182 2779 309 2856 patruis,
328 2779 511 2856 quandonam
527 2800 601 2858 rogo
613 2783 671 2838 sint
683 2779 879 2856 imponendi:
897 2799 967 2838 num
985 2780 1148 2837 adulterum
1166 2777 1204 2835 sit

131 2871 268 2928 habitura
288 2872 491 2946 superstitem
512 2872 572 2928 haec
593 2873 669 2930 enim
690 2889 800 2930 summa
818 2882 972 2943 votorum,
991 2872 1048 2928 hoc
1067 2881 1204 2945 tanquam

131 2962 291 3018 maximum
305 2960 475 3020 beneficium
486 2983 502 3018 ι
514 2963 632 3037 Superis
643 2965 778 3040 postulat.

171 3051 243 3128 569.
264 3053 395 3110 Tamen'
388 3064 439 3109 rste
452 3053 558 3111 multer
570 3056 731 3133 astrologus
746 3067 789 3114 est
802 3056 951 3132 imperita,
971 3074 1024 3113 nec
1039 3063 1116 3112 tenet
1131 3052 1204 3129 quid

132 3144 291 3202 infaustum
314 3145 494 3220 portendat
486 3146 660 3222 inauspicata
685 3149 803 3206 Saturni
819 3150 918 3218 stella,
942 3149 989 3205 cui
1009 3161 1086 3206 estro
1103 3147 1204 3222 juncta

130 3240 232 3296 Venus
242 3237 352 3294 oriatur
363 3237 431 3295 felix
443 3250 471 3294 et
481 3237 555 3295 hene
566 3238 711 3295 ominata:
726 3240 844 3314 quinem
858 3240 936 3298 inter
948 3259 1059 3298 memes
1072 3237 1203 3298 damnosi

134 3341 162 3388 et
176 3329 290 3399 tristes,
309 3348 438 3404 quanam
458 3330 495 3387 ad
508 3348 571 3386 rem
591 3330 664 3388 hene
684 3332 840 3408 gerendam
859 3333 964 3390 idonea
983 3331 1041 3388 sint
1061 3343 1203 3406 tempore.

131 3423 253 3492 Quanto
271 3420 349 3476 illam
369 3419 459 3498 igitur
477 3421 566 3496 uagis
586 3421 703 3498 lugere,
726 3441 779 3480 nec
793 3433 902 3482 tantum
916 3423 992 3481 illins
1007 3423 1205 3498 colloquium,
1287 3424 1293 3436 “

133 3513 186 3570 sed
202 3515 298 3587 ipsum
316 3513 400 3570 etiam
420 3531 571 3570 occursum
590 3512 682 3590 vitare
702 3513 807 3585 debes,
828 3535 891 3590 quae
910 3525 1000 3573 artem
1016 3515 1090 3570 hauc
1106 3512 1206 3586 aliquo

130 3615 218 3682 pacto
232 3605 338 3662 callet?
358 3625 422 3680 quae
441 3623 554 3680 semper
572 3605 659 3662 habet
676 3605 706 3662 in
720 3606 852 3664 manibus
867 3606 972 3677 diaria,
992 3617 1021 3663 et
1033 3603 1207 3680 perscriptas

133 3698 263 3754 siderum
283 3699 408 3755 rationes
428 3697 731 3773 computationesque,
749 3717 804 3754 usu
821 3697 960 3756 diuturno
981 3715 1060 3772 teque
1077 3694 1158 3752 tritas
1171 3712 1206 3750 ao

131 3789 238 3865 politas
253 3799 340 3864 atque
357 3790 493 3860 succina3
515 3807 578 3866 quac
597 3790 708 3847 utillum
725 3788 783 3862 jem
806 3784 865 3866 ips'n
886 3788 1010 3846 consulit
1028 3784 1207 3844 mathemati·-

134 3901 218 3952 eum,
232 3881 284 3938 sed
294 3901 380 3957 qnam
392 3881 457 3952 alii,
470 3893 504 3940 ut
517 3881 598 3940 istius
613 3882 681 3938 artis
695 3883 835 3958 peritam,
849 3883 1022 3938 consulunt:
1037 3898 1099 3954 quae
1110 3877 1206 3934 virum

133 3972 365 4050 proficiscentem
381 3975 412 4030 in
429 3985 536 4046 castra,
559 3976 606 4032 vel
625 3975 656 4031 in
671 3976 792 4051 patriam
808 3993 869 4033 non
882 3985 1037 4048 sequetur,
1062 3968 1206 4038 affirmans

133 4067 285 4141 prohiberi
299 4088 330 4128 se
345 4067 550 4124 mathematicis
564 4069 708 4145 Thrasylli
726 4065 989 4143 computationibus
1005 4086 1012 4121 :
1028 4064 1133 4134 immo,
1152 4061 1208 4120 etsi

133 4157 339 4218 breuissimum
351 4159 388 4216 sit
402 4160 458 4218 iter
471 4158 681 4235 suscipiendum
688 4201 698 4234 ,
718 4169 788 4237 puta
802 4160 827 4218 si
842 4157 981 4234 usquead
994 4156 1072 4216 mille
1084 4156 1120 4216 ab
1130 4155 1205 4212 utho
