3056 4984
391 469 447 536 ιιι
469 471 697 542 simitu
720 477 939 550 suxisti.
1134 493 1194 578 ιρι

130 581 251 649 tinemut
261 583 339 652 soles,
352 603 430 658 qrum
442 603 504 642 cnm
515 590 627 660 conjuge
636 589 768 644 domne?
777 611 865 646 nonne
874 595 954 649 satius
963 608 1014 658 est,
1023 615 1085 654 oum
1094 603 1197 668 morth,

130 666 207 720 etiam
220 667 345 728 exoletis,
361 685 416 722 rem
432 668 544 737 babere,
563 691 642 743 quom
656 693 765 728 uxorem
777 674 890 730 ducere?
903 678 973 735 illud
986 699 1034 734 cur
1045 683 1198 750 ordinarit,

129 747 209 801 variis
222 750 351 821 probatur
362 751 516 806 rationibus.
533 752 608 808 Hanc
620 768 707 809 eutem
726 777 780 810 non
793 778 881 812 veram
896 773 981 832 poete
998 777 1111 820 mentem
1123 786 1198 834 esse,

128 832 175 886 sed
192 834 260 887 salse
275 835 363 906 potius
379 850 405 888 et
420 839 536 909 scoptiee
551 839 584 894 ita
603 841 688 894 notari
705 842 875 910 Postumum,
889 849 1037 901 notissimum
1054 854 1199 907 mierum

128 918 178 984 (rs.
191 919 256 985 Aa),
277 917 389 988 quilibet
406 920 447 972 rel
465 939 507 974 me
524 941 576 976 non
594 938 717 978 mouente
728 927 862 999 intelliget.
877 961 913 970 -
928 935 1004 984 Pario
1014 935 1156 1004 puerulus,
1170 947 1200 990 ut

129 998 208 1068 apud
223 1000 281 1054 cic,
296 1000 359 1054 Coel.
376 1001 417 1066 15,
427 1021 457 1055 uc
469 1003 549 1059 Tusc.
564 1007 591 1072 l,
608 1013 653 1072 sd,
666 1008 807 1080 etquidem
822 1009 873 1064 boc
884 1011 953 1076 loco,
964 1015 1109 1080 catamitus,
1173 1036 1199 1072 m

129 1075 270 1215 Zoppnppirps
284 1079 403 1152 pudicit.
418 1113 455 1124 -
469 1087 579 1148 uomit,
599 1104 653 1138 non
662 1089 779 1148 muniat,
796 1087 830 1141 de
840 1107 887 1157 eo,
899 1091 947 1162 qui
957 1111 987 1146 re
997 1113 1057 1150 vera
1068 1035 1200 1169 nuxis·

164 1285 231 1332 vis.
252 1287 294 1342 34.
308 1287 389 1345 Putem
402 1290 444 1344 45.
456 1316 490 1326 -
502 1287 581 1356 Pugio
588 1289 710 1356 propassio
719 1293 783 1352 coni.
794 1293 875 1353 Valla,
885 1304 914 1342 nt
923 1295 954 1344 sit
961 1312 1053 1346 nornen
1059 1301 1199 1366 proprium.

131 1369 207 1416 Vetus
217 1371 332 1419 scholion
341 1382 377 1420 est
388 1389 394 1418 ι
410 1374 483 1421 Ριιιίο
492 1391 510 1421 a
515 1375 588 1441 sacto
599 1391 696 1424 nomen.
713 1377 778 1424 tttnc
788 1377 854 1425 alind
864 1377 981 1442 qniddnnr
992 1379 1066 1430 lutere
1075 1399 1128 1432 non
1138 1385 1200 1434 male

132 1453 299 1517 suspionbatur
312 1457 424 1522 Rutgers.
436 1459 494 1506 Ver.
506 1461 630 1519 Lectt.11‚
643 1475 672 1520 ¹7
682 1494 689 1518 ‚
701 1469 726 1507 et
738 1461 837 1522 quidem
846 1463 934 1529 mio,
949 1465 1051 1515 verbum
1065 1467 1172 1518 effictum
1186 1487 1200 1517 n

130 1520 225 1597 wyri,
241 1543 323 1593 nate,
336 1535 435 1596 olum,
449 1537 516 1586 nude
530 1553 658 1599 roquos,
671 1539 751 1598 selu,
764 1557 807 1588 sen
818 1543 935 1594 chodor.

163 1627 234 1683 Nor.
256 1629 298 1682 35.
315 1633 411 1700 Litigat.
426 1631 503 1685 Conf.
518 1633 586 1685 inira
599 1653 637 1687 vs.
656 1636 705 1687 268
718 1653 772 1708 seq.

163 1724 233 1777 Nor.
254 1725 297 1778 36.
309 1731 380 1795 Illic,
392 1728 419 1780 in
428 1727 504 1782 lecto.
514 1729 545 1780 In
557 1730 614 1803 ipso
622 1743 696 1793 netu,
709 1750 762 1785 non
772 1743 832 1806 post
840 1751 923 1806 opus;
935 1733 1033 1809 Grang.
1047 1737 1107 1791 coll.
1116 1735 1197 1791 Ovid.

130 1809 183 1860 Art.
198 1809 259 1862 Am.
278 1810 335 1877 111,
355 1811 406 1864 805
420 1830 475 1884 seq.

163 1903 233 1958 Nor.
254 1906 297 1976 37.
313 1909 386 1974 Quod
396 1910 581 1976 lareripamar,
594 1908 646 1963 hoc
656 1920 711 1975 est,
724 1909 830 1962 libidini
840 1911 963 1964 nonsatis
973 1909 1126 1984 indulgeas:
1138 1931 1200 1966 nam

131 1991 208 2037 intere
221 1987 348 2042 dicuutur
360 1989 440 2056 vires,
458 2009 570 2062 quamn
583 1991 701 2046 deiectus
718 1993 746 2046 in
762 1997 839 2044 intere
855 1994 1020 2065 potissimum
1037 1995 1198 2068 percipitur;

131 2070 200 2123 unde
211 2075 277 2124 lanis
288 2074 381 2143 deficit,
399 2077 521 2142 nimpieur,
535 2087 585 2128 etc.
597 2074 632 2129 de
647 2075 810 2139 oratoribus,
823 2077 1003 2141 eanmntibus,
1015 2079 1200 2144 currentibus,

130 2156 291 2228 potentibus,
303 2170 331 2210 et
339 2157 423 2212 amori
431 2159 654 2232 obsequentibus,
668 2158 711 2212 vel
720 2158 922 2231 intemperanter
932 2159 1063 2216 Venerem
1074 2179 1199 2222 exemtu-

129 2237 223 2292 tibw
234 2269 273 2280 -
284 2239 387 2292 Anieles
404 2241 431 2293 in
444 2243 604 2308 concubitu,
623 2254 652 2296 nt
671 2244 698 2296 in
715 2242 833 2315 Epithal.
844 2243 969 2298 Laurent.
989 2257 1015 2298 et
1029 2245 1097 2301 Mer.
1110 2264 1150 2302 ts.
1166 2249 1199 2315 76

129 2321 318 2388 (Wernsduri.
328 2324 401 2378 Post.
416 2326 479 2379 min.
493 2339 557 2380 tom.
573 2327 622 2393 IV,
634 2335 694 2399 pag.
708 2329 792 2396 498):

350 2412 513 2472 ttxereentque
525 2412 583 2458 toris
595 2413 693 2458 Veneris
705 2411 822 2460 luctum
833 2410 951 2458 anhelum.

130 2484 202 2538 Conl'
220 2485 396 2549 etTibull.1,
410 2489 496 2559 8‚37.

162 2611 233 2659 Vsu.
255 2613 295 2660 38.
311 2611 418 2672 Ursidio,
433 2617 474 2673 48.
490 2615 602 2674 Ursiodo,
618 2619 657 2666 ιδ.
674 2619 704 2667 L.
719 2616 834 2666 Fursedio
846 2619 959 2664 Posmmo
973 2616 1088 2681 inscripta
1102 2626 1139 2665 est
1148 2615 1200 2666 baec

129 2695 176 2743 Sat,
189 2697 219 2744 in
231 2699 264 2756 8,
279 2706 304 2744 et
314 2697 392 2766 tribus
403 2699 481 2748 Codd.
493 2701 568 2748 Paris.
588 2701 636 2749 Sed
656 2701 728 2750 metii
741 2703 806 2766 leges
818 2700 930 2749 Fursedii
940 2717 1033 2750 nomen
1044 2717 1098 2750 non
1110 2701 1199 2749 udmit-

129 2791 192 2828 tnnt.
205 2781 278 2830 eunt.
291 2782 387 2831 Conim.
399 2783 430 2831 ad
441 2801 475 2832 vs.
483 2799 530 2833 ur.

163 2868 234 2922 Nor.
254 2867 369 2933 38-40.
379 2871 474 2924 Facete
485 2885 509 2926 et
523 2869 646 2938 siparisiie
657 2883 733 2943 poeta
743 2871 755 2938 (
761 2888 822 2922 nem
834 2872 889 2943 ejus
898 2867 976 2924 verba
988 2871 1044 2924 hnc
1057 2884 1132 2938 sunt,
1146 2891 1199 2924 non

129 2951 264 3021 Postumi)
276 2953 415 3006 consilinm
426 2955 514 3008 uxoris
524 2953 650 3030 ducende
660 2954 693 3006 ab
705 2955 803 3004 Ursidio
812 2951 935 3005 Postumo
945 2965 1083 3024 propterea
1093 2965 1199 3026 captum

128 3033 194 3089 dicit
205 3076 214 3101 ‚
228 3035 301 3108 quod
308 3035 436 3090 adulteria
449 3057 502 3090 non
512 3038 624 3110 amplius
634 3037 762 3109 voluptati
772 3037 823 3090 sint
832 3037 881 3110 ipsi
892 3077 899 3102 ,
912 3039 954 3090 vel
965 3038 1139 3110 suspicionem
1151 3059 1198 3092 ne-

130 3117 215 3171 fandae
227 3117 347 3172 libidinis
357 3117 474 3192 effugere
486 3121 588 3192 cupiat,
602 3132 691 3174 ettam
704 3119 826 3192 premia,
840 3123 893 3188 lege
903 3121 970 3171 tutta
982 3119 1033 3185 iis,
1047 3121 1093 3193 qui
1105 3139 1200 3176 uxores

128 3201 266 3256 duxissent
276 3203 439 3275 liberosque,
451 3205 548 3254 landes
564 3205 694 3255 bonorum
710 3219 835 3269 suornm,
854 3215 1047 3277 procreassent,
1066 3206 1199 3277 proposita

79 3301 85 3308 ·
128 3286 250 3351 affectet,
267 3303 346 3358 quam
358 3303 447 3358 poenra
459 3285 549 3338 eadem
562 3285 619 3357 lege
633 3285 661 3336 in
674 3284 805 3339 adulteros
825 3285 978 3340 constitutas
997 3287 1199 3360 (relegationem
1232 3363 1234 3366 Ι

128 3368 185 3423 scil.
199 3369 228 3421 in
245 3369 356 3421 insulam
368 3381 393 3421 et
404 3367 607 3442 publicationem
620 3365 735 3420 dimidiae
746 3366 827 3440 partis
839 3369 987 3438 bonorum)
997 3383 1111 3438 metuat;
1124 3372 1199 3442 quasi

129 3451 185 3506 hec
195 3453 238 3508 lex
246 3451 296 3505 illis
306 3449 394 3504 adhuc
406 3451 567 3524 temporibus
577 3468 696 3523 magnam
705 3449 827 3504 babuerit
838 3447 908 3514 vim,
920 3469 999 3522 quium
1012 3453 1115 3502 domita
1124 3449 1199 3505 dixe·

130 3550 169 3590 rat
181 3556 241 3610 sup.
259 3536 301 3604 11,
316 3539 357 3606 37.
369 3539 444 3586 'iulia
461 3547 547 3610 sutem
566 3539 608 3586 tex
626 3535 677 3588 hoo
694 3534 753 3588 loco
765 3552 818 3586 non
831 3531 910 3586 modo
922 3533 1028 3587 ridetur
1038 3553 1093 3588 esse
1110 3535 1153 3587 illa
1169 3539 1199 3586 de

130 3625 258 3675 adulteriis
275 3621 309 3674 ab
327 3623 460 3694 Augusto,
479 3637 547 3674 anno
565 3615 769 3672 Dccxxxvn
784 3617 852 3684 lata,
872 3617 918 3672 sed
938 3618 1016 3674 etiam
1034 3621 1076 3668 lex
1092 3621 1160 3669 Iulia
1177 3633 1202 3669 et

133 3709 213 3775 Popula
233 3711 340 3776 Poppae
359 3704 393 3758 de
410 3705 716 3764 maritandiserdinibus,
744 3721 813 3755 snno
837 3701 983 3756 DCCLVII
1006 3702 1122 3774 perlata,
1147 3721 1199 3776 qua

553 3853 783 3872 mm

169 3965 177 3990 ¹
198 3959 234 4006 De
250 3957 290 4006 bis
306 3955 357 4005 vid
374 3954 446 4004 ortu.
464 3955 517 4004 Art.
535 3954 592 4006 Am.
606 3955 645 4014 11,
689 3951 992 4018 Priap.thtx111‚ss;
1006 3949 1154 4014 Cornuti,
1168 3953 1198 4000 1³

137 4038 198 4096 213,
211 4037 276 4098 673,
289 4047 313 4086 et
327 4037 458 4096 Amoett,
476 4051 520 4094 ιο,
536 4036 579 4092 25.
595 4050 645 4096 ²93
689 4033 778 4100 (larem
799 4031 926 4098 restituta,
947 4031 1042 4086 viribus
1062 4029 1155 4082 deiecta
1175 4043 1201 4080 et

136 4116 185 4178 111,
196 4133 240 4175 ιι,
250 4117 281 4164 13
291 4114 381 4180 (iussus
393 4127 496 4178 ornator,
506 4113 645 4164 Invalidum
689 4111 835 4177 exbnnsta);
843 4112 947 4170 Martini.
957 4113 1010 4174 xl,
1023 4113 1085 4179 105,
1095 4114 1121 4161 6.
1129 4111 1199 4162 eont.

137 4196 240 4255 reserem
261 4195 429 4264 emeritumque
448 4196 511 4248 taius
521 4193 550 4264 );
573 4197 644 4253 duct.
688 4195 747 4245 Eru.
757 4193 822 4243 Cluv.
832 4191 1024 4244 Cic.voc.latrsr.
