<?xml version="1.0" encoding="UTF-8"?>
<!DOCTYPE html PUBLIC "-//W3C//DTD XHTML 1.0 Transitional//EN"
    "http://www.w3.org/TR/xhtml1/DTD/xhtml1-transitional.dtd">
<html xmlns="http://www.w3.org/1999/xhtml" xml:lang="en" lang="en">
 <head>
  <title>
</title>
<meta http-equiv="Content-Type" content="text/html;charset=utf-8" />
  <meta name='ocr-system' content='tesseract 3.04.00' />
  <meta name='ocr-capabilities' content='ocr_page ocr_carea ocr_par ocr_line ocrx_word'/>
</head>
<body>
  <div class='ocr_page' id='page_1' title='image "./sexdecimsatir01lemagoog_0473.png"; bbox 0 0 3058 4988; ppageno 0'>
   <div class='ocr_carea' id='block_1_1' title="bbox 320 437 1235 522">
    <p class='ocr_par' dir='ltr' id='par_1_1' title="bbox 320 437 1235 522">
     <span class='ocr_line' id='line_1_1' title="bbox 320 437 1235 522; baseline 0.003 -14"><span class='ocrx_word' id='word_1_1' title='bbox 320 445 385 522; x_wconf 71' lang='lat'>452</span> <span class='ocrx_word' id='word_1_2' title='bbox 481 439 652 506; x_wconf 81' lang='lat' dir='ltr'>VARIAE</span> <span class='ocrx_word' id='word_1_3' title='bbox 675 437 972 506; x_wconf 82' lang='lat' dir='ltr'>LECTIONES</span> <span class='ocrx_word' id='word_1_4' title='bbox 996 439 1060 508; x_wconf 88' lang='lat' dir='ltr'>ET</span> <span class='ocrx_word' id='word_1_5' title='bbox 1083 442 1235 510; x_wconf 81' lang='lat' dir='ltr'><strong>NOTAE</strong></span> 
     </span>
    </p>
   </div>
   <div class='ocr_carea' id='block_1_2' title="bbox 314 553 1395 879">
    <p class='ocr_par' dir='ltr' id='par_1_2' title="bbox 314 553 1395 879">
     <span class='ocr_line' id='line_1_2' title="bbox 317 553 1392 628; baseline -0.001 -17"><span class='ocrx_word' id='word_1_6' title='bbox 317 560 368 612; x_wconf 91' lang='lat' dir='ltr'>bus</span> <span class='ocrx_word' id='word_1_7' title='bbox 378 570 405 611; x_wconf 91' lang='lat' dir='ltr'>et</span> <span class='ocrx_word' id='word_1_8' title='bbox 418 555 521 618; x_wconf 83' lang='lat' dir='ltr'>fistula,</span> <span class='ocrx_word' id='word_1_9' title='bbox 538 573 553 609; x_wconf 83' lang='lat' dir='ltr'>a</span> <span class='ocrx_word' id='word_1_10' title='bbox 568 573 650 617; x_wconf 87' lang='lat' dir='ltr'>sono,</span> <span class='ocrx_word' id='word_1_11' title='bbox 667 573 747 627; x_wconf 86' lang='lat' dir='ltr'>quem</span> <span class='ocrx_word' id='word_1_12' title='bbox 760 554 859 618; x_wconf 85' lang='lat' dir='ltr'>efficit,</span> <span class='ocrx_word' id='word_1_13' title='bbox 874 554 912 609; x_wconf 89' lang='lat' dir='ltr'>sio</span> <span class='ocrx_word' id='word_1_14' title='bbox 926 553 1013 618; x_wconf 86' lang='lat' dir='ltr'>dicta,</span> <span class='ocrx_word' id='word_1_15' title='bbox 1024 574 1076 625; x_wconf 88' lang='lat' dir='ltr'>qua</span> <span class='ocrx_word' id='word_1_16' title='bbox 1088 557 1179 610; x_wconf 86' lang='lat' dir='ltr'>vinum</span> <span class='ocrx_word' id='word_1_17' title='bbox 1194 576 1210 609; x_wconf 90' lang='lat' dir='ltr'>e</span> <span class='ocrx_word' id='word_1_18' title='bbox 1223 557 1308 628; x_wconf 88' lang='lat' dir='ltr'>pleno</span> <span class='ocrx_word' id='word_1_19' title='bbox 1319 554 1392 610; x_wconf 89' lang='lat' dir='ltr'>dolio</span> 
     </span>
     <span class='ocr_line' id='line_1_3' title="bbox 316 638 1395 712; baseline 0 -18"><span class='ocrx_word' id='word_1_20' title='bbox 316 641 433 701; x_wconf 82' lang='lat' dir='ltr'>elicitur.</span> <span class='ocrx_word' id='word_1_21' title='bbox 446 640 490 694; x_wconf 80' lang='lat' dir='ltr'>sel</span> <span class='ocrx_word' id='word_1_22' title='bbox 505 657 554 708; x_wconf 88' lang='lat' dir='ltr'>per</span> <span class='ocrx_word' id='word_1_23' title='bbox 567 656 648 708; x_wconf 86' lang='lat' dir='ltr'>quam</span> <span class='ocrx_word' id='word_1_24' title='bbox 661 638 794 691; x_wconf 70' lang='lat' dir='ltr'>emittitur</span> <span class='ocrx_word' id='word_1_25' title='bbox 808 638 904 709; x_wconf 85' lang='lat' dir='ltr'>liquor,</span> <span class='ocrx_word' id='word_1_26' title='bbox 914 651 945 691; x_wconf 91' lang='lat' dir='ltr'>ut</span> <span class='ocrx_word' id='word_1_27' title='bbox 957 639 1093 692; x_wconf 85' lang='lat' dir='ltr'>cernimus</span> <span class='ocrx_word' id='word_1_28' title='bbox 1106 641 1133 693; x_wconf 91' lang='lat' dir='ltr'>in</span> <span class='ocrx_word' id='word_1_29' title='bbox 1145 641 1304 695; x_wconf 76' lang='lat' dir='ltr'>salientibus</span> <span class='ocrx_word' id='word_1_30' title='bbox 1317 642 1395 712; x_wconf 82' lang='lat' dir='ltr'>aquis</span> 
     </span>
     <span class='ocr_line' id='line_1_4' title="bbox 314 720 1393 797; baseline 0.002 -22"><span class='ocrx_word' id='word_1_31' title='bbox 314 727 354 794; x_wconf 84' lang='lat' dir='ltr'>(Ia</span> <span class='ocrx_word' id='word_1_32' title='bbox 357 725 487 794; x_wconf 81' lang='lat' dir='ltr'>fontaine)</span> <span class='ocrx_word' id='word_1_33' title='bbox 494 741 501 775; x_wconf 92' lang='lat'>:</span> <span class='ocrx_word' id='word_1_34' title='bbox 509 722 537 774; x_wconf 92' lang='lat' dir='ltr'>b.</span> <span class='ocrx_word' id='word_1_35' title='bbox 548 722 563 772; x_wconf 91' lang='lat' dir='ltr'>l.</span> <span class='ocrx_word' id='word_1_36' title='bbox 572 723 640 774; x_wconf 82' lang='lat' dir='ltr'>sorte</span> <span class='ocrx_word' id='word_1_37' title='bbox 650 723 728 774; x_wconf 86' lang='lat' dir='ltr'>urina</span> <span class='ocrx_word' id='word_1_38' title='bbox 738 721 787 774; x_wconf 91' lang='lat' dir='ltr'>diu</span> <span class='ocrx_word' id='word_1_39' title='bbox 797 733 909 787; x_wconf 83' lang='lat' dir='ltr'>retenta,</span> <span class='ocrx_word' id='word_1_40' title='bbox 919 741 951 774; x_wconf 87' lang='lat' dir='ltr'>ao</span> <span class='ocrx_word' id='word_1_41' title='bbox 960 720 1059 777; x_wconf 88' lang='lat' dir='ltr'>deinde</span> <span class='ocrx_word' id='word_1_42' title='bbox 1072 724 1153 796; x_wconf 78' lang='lat' dir='ltr'>longo</span> <span class='ocrx_word' id='word_1_43' title='bbox 1165 737 1253 779; x_wconf 83' lang='lat' dir='ltr'>tractu</span> <span class='ocrx_word' id='word_1_44' title='bbox 1262 726 1393 797; x_wconf 81' lang='lat' dir='ltr'>projecta,</span> 
     </span>
     <span class='ocr_line' id='line_1_5' title="bbox 314 803 901 879; baseline -0.003 -19"><span class='ocrx_word' id='word_1_45' title='bbox 314 821 341 860; x_wconf 88' lang='lat' dir='ltr'>et</span> <span class='ocrx_word' id='word_1_46' title='bbox 355 805 465 879; x_wconf 87' lang='lat' dir='ltr'>quidem</span> <span class='ocrx_word' id='word_1_47' title='bbox 478 808 504 856; x_wconf 84' lang='lat' dir='ltr'>in</span> <span class='ocrx_word' id='word_1_48' title='bbox 518 807 626 876; x_wconf 75' lang='lat' dir='ltr'>effigiem</span> <span class='ocrx_word' id='word_1_49' title='bbox 640 803 696 858; x_wconf 76' lang='lat' dir='ltr'>dem</span> <span class='ocrx_word' id='word_1_50' title='bbox 708 806 878 858; x_wconf 81' lang='lat' dir='ltr'>venerabilis.</span> <span class='ocrx_word' id='word_1_51' title='bbox 893 815 901 841; x_wconf 91' lang='lat'><em>¹</em></span> 
     </span>
    </p>
   </div>
   <div class='ocr_carea' id='block_1_3' title="bbox 310 899 1394 1457">
    <p class='ocr_par' dir='ltr' id='par_1_3' title="bbox 310 899 1394 1457">
     <span class='ocr_line' id='line_1_6' title="bbox 351 899 1392 974; baseline 0.002 -19"><span class='ocrx_word' id='word_1_52' title='bbox 351 903 420 955; x_wconf 78' lang='lat' dir='ltr'>Nor.</span> <span class='ocrx_word' id='word_1_53' title='bbox 438 906 467 953; x_wconf 79' lang='lat'>³1</span> <span class='ocrx_word' id='word_1_54' title='bbox 475 921 496 954; x_wconf 90' lang='grc' dir='ltr'>ι.</span> <span class='ocrx_word' id='word_1_55' title='bbox 509 905 539 951; x_wconf 81' lang='lat' dir='ltr'>In</span> <span class='ocrx_word' id='word_1_56' title='bbox 550 903 620 952; x_wconf 80' lang='lat' dir='ltr'>uices</span> <span class='ocrx_word' id='word_1_57' title='bbox 633 901 759 968; x_wconf 80' lang='lat' dir='ltr'>equitant,</span> <span class='ocrx_word' id='word_1_58' title='bbox 774 920 802 954; x_wconf 85' lang='lat' dir='ltr'>se</span> <span class='ocrx_word' id='word_1_59' title='bbox 814 901 932 955; x_wconf 85' lang='lat' dir='ltr'>invicem</span> <span class='ocrx_word' id='word_1_60' title='bbox 946 901 1055 968; x_wconf 82' lang='lat' dir='ltr'>ineunt,</span> <span class='ocrx_word' id='word_1_61' title='bbox 1065 915 1096 955; x_wconf 88' lang='lat' dir='ltr'>ut</span> <span class='ocrx_word' id='word_1_62' title='bbox 1106 899 1248 968; x_wconf 68' lang='grc' dir='ltr'>Διοΰιιὶδις,</span> <span class='ocrx_word' id='word_1_63' title='bbox 1259 904 1303 958; x_wconf 81' lang='lat' dir='ltr'>vel</span> <span class='ocrx_word' id='word_1_64' title='bbox 1313 903 1392 974; x_wconf 57' lang='lat' dir='ltr'>rpite-</span> 
     </span>
     <span class='ocr_line' id='line_1_7' title="bbox 314 983 1393 1058; baseline 0.001 -20"><span class='ocrx_word' id='word_1_65' title='bbox 314 984 354 1045; x_wconf 72' lang='lat' dir='ltr'>ta</span> <span class='ocrx_word' id='word_1_66' title='bbox 369 986 508 1055; x_wconf 76' lang='lat' dir='ltr'>(srt&#39;ctrices</span> <span class='ocrx_word' id='word_1_67' title='bbox 519 983 593 1054; x_wconf 84' lang='lat' dir='ltr'>apud</span> <span class='ocrx_word' id='word_1_68' title='bbox 606 984 717 1036; x_wconf 88' lang='lat' dir='ltr'>Tertull.</span> <span class='ocrx_word' id='word_1_69' title='bbox 730 983 764 1036; x_wconf 87' lang='lat' dir='ltr'>de</span> <span class='ocrx_word' id='word_1_70' title='bbox 773 984 839 1038; x_wconf 85' lang='lat' dir='ltr'>Pali.</span> <span class='ocrx_word' id='word_1_71' title='bbox 855 990 887 1048; x_wconf 71' lang='lat'>4,</span> <span class='ocrx_word' id='word_1_72' title='bbox 901 997 968 1037; x_wconf 85' lang='lat' dir='ltr'>extr.</span> <span class='ocrx_word' id='word_1_73' title='bbox 981 983 1050 1036; x_wconf 80' lang='lat' dir='ltr'>Gatt.</span> <span class='ocrx_word' id='word_1_74' title='bbox 1062 988 1208 1055; x_wconf 81' lang='lat' dir='ltr'>tribaudes),</span> <span class='ocrx_word' id='word_1_75' title='bbox 1223 1005 1283 1058; x_wconf 76' lang='lat' dir='ltr'>quse</span> <span class='ocrx_word' id='word_1_76' title='bbox 1294 1005 1323 1040; x_wconf 83' lang='lat' dir='ltr'>se</span> <span class='ocrx_word' id='word_1_77' title='bbox 1336 1005 1393 1039; x_wconf 85' lang='lat' dir='ltr'>mu·</span> 
     </span>
     <span class='ocr_line' id='line_1_8' title="bbox 313 1063 1392 1138; baseline -0.002 -14"><span class='ocrx_word' id='word_1_78' title='bbox 313 1084 361 1124; x_wconf 90' lang='lat' dir='ltr'>tuo</span> <span class='ocrx_word' id='word_1_79' title='bbox 373 1068 493 1120; x_wconf 85' lang='lat' dir='ltr'>solebant</span> <span class='ocrx_word' id='word_1_80' title='bbox 507 1063 593 1137; x_wconf 71' lang='grc' dir='ltr'>ι’λῖσΰῳ</span> <span class='ocrx_word' id='word_1_81' title='bbox 606 1063 694 1136; x_wconf 63' lang='lat' dir='ltr'>eptam</span> <span class='ocrx_word' id='word_1_82' title='bbox 708 1067 848 1135; x_wconf 88' lang='lat' dir='ltr'>(membro</span> <span class='ocrx_word' id='word_1_83' title='bbox 863 1067 950 1130; x_wconf 83' lang='lat' dir='ltr'>virili,</span> <span class='ocrx_word' id='word_1_84' title='bbox 964 1065 1039 1138; x_wconf 86' lang='lat' dir='ltr'>quod</span> <span class='ocrx_word' id='word_1_85' title='bbox 1051 1087 1082 1122; x_wconf 84' lang='lat' dir='ltr'>ex</span> <span class='ocrx_word' id='word_1_86' title='bbox 1097 1069 1170 1121; x_wconf 83' lang='lat' dir='ltr'>corio</span> <span class='ocrx_word' id='word_1_87' title='bbox 1183 1067 1305 1122; x_wconf 85' lang='lat' dir='ltr'>effictum</span> <span class='ocrx_word' id='word_1_88' title='bbox 1317 1083 1392 1136; x_wconf 85' lang='lat' dir='ltr'>erat,</span> 
     </span>
     <span class='ocr_line' id='line_1_9' title="bbox 311 1148 1393 1223; baseline -0.001 -18"><span class='ocrx_word' id='word_1_89' title='bbox 311 1153 431 1221; x_wconf 80' lang='lat' dir='ltr'>fricare),</span> <span class='ocrx_word' id='word_1_90' title='bbox 443 1151 484 1203; x_wconf 81' lang='lat' dir='ltr'>vel</span> <span class='ocrx_word' id='word_1_91' title='bbox 497 1150 643 1202; x_wconf 87' lang='lat' dir='ltr'>masculam</span> <span class='ocrx_word' id='word_1_92' title='bbox 655 1149 794 1202; x_wconf 81' lang='lat' dir='ltr'>libidinem</span> <span class='ocrx_word' id='word_1_93' title='bbox 805 1169 936 1211; x_wconf 84' lang='lat' dir='ltr'>exercere,</span> <span class='ocrx_word' id='word_1_94' title='bbox 950 1169 1009 1222; x_wconf 74' lang='lat' dir='ltr'>qua</span> <span class='ocrx_word' id='word_1_95' title='bbox 1019 1149 1123 1221; x_wconf 69' lang='grc' dir='ltr'>τριΰιιιιὴ</span> <span class='ocrx_word' id='word_1_96' title='bbox 1134 1153 1175 1206; x_wconf 83' lang='lat' dir='ltr'>vel</span> <span class='ocrx_word' id='word_1_97' title='bbox 1184 1148 1318 1223; x_wconf 72' lang='lat' dir='ltr'>rptGadutsi</span> <span class='ocrx_word' id='word_1_98' title='bbox 1327 1154 1393 1205; x_wconf 71' lang='lat' dir='ltr'>taa-</span> 
     </span>
     <span class='ocr_line' id='line_1_10' title="bbox 311 1224 1394 1308; baseline 0.001 -22"><span class='ocrx_word' id='word_1_99' title='bbox 311 1254 369 1308; x_wconf 65' lang='grc' dir='ltr'>γιιοι</span> <span class='ocrx_word' id='word_1_100' title='bbox 380 1233 611 1287; x_wconf 84' lang='lat' dir='ltr'>diciturLuoiuno</span> <span class='ocrx_word' id='word_1_101' title='bbox 620 1229 648 1284; x_wconf 90' lang='lat' dir='ltr'>in</span> <span class='ocrx_word' id='word_1_102' title='bbox 660 1224 767 1302; x_wconf 66' lang='lat' dir='ltr'>Epora,</span> <span class='ocrx_word' id='word_1_103' title='bbox 778 1233 813 1286; x_wconf 91' lang='lat' dir='ltr'>ob</span> <span class='ocrx_word' id='word_1_104' title='bbox 823 1237 900 1304; x_wconf 81' lang='lat' dir='ltr'>cujus</span> <span class='ocrx_word' id='word_1_105' title='bbox 914 1233 1097 1288; x_wconf 80' lang='lat' dir='ltr'>inventionem</span> <span class='ocrx_word' id='word_1_106' title='bbox 1107 1234 1241 1296; x_wconf 76' lang='lat' dir='ltr'>Pbiloenis,</span> <span class='ocrx_word' id='word_1_107' title='bbox 1254 1250 1283 1290; x_wconf 88' lang='lat' dir='ltr'>et</span> <span class='ocrx_word' id='word_1_108' title='bbox 1294 1238 1394 1290; x_wconf 82' lang='lat' dir='ltr'>exerci-</span> 
     </span>
     <span class='ocr_line' id='line_1_11' title="bbox 310 1314 1390 1393; baseline 0 -21"><span class='ocrx_word' id='word_1_109' title='bbox 310 1320 379 1373; x_wconf 84' lang='lat' dir='ltr'>tium</span> <span class='ocrx_word' id='word_1_110' title='bbox 394 1317 511 1370; x_wconf 84' lang='lat' dir='ltr'>msscula</span> <span class='ocrx_word' id='word_1_111' title='bbox 520 1314 631 1386; x_wconf 81' lang='lat' dir='ltr'><strong>Sappho</strong></span> <span class='ocrx_word' id='word_1_112' title='bbox 645 1317 713 1366; x_wconf 89' lang='lat' dir='ltr'>male</span> <span class='ocrx_word' id='word_1_113' title='bbox 727 1314 820 1370; x_wconf 86' lang='lat' dir='ltr'>audiit.</span> <span class='ocrx_word' id='word_1_114' title='bbox 830 1325 882 1357; x_wconf 88' lang='lat'>²-</span> <span class='ocrx_word' id='word_1_115' title='bbox 890 1316 959 1369; x_wconf 83' lang='lat' dir='ltr'>Hinc</span> <span class='ocrx_word' id='word_1_116' title='bbox 974 1319 1040 1370; x_wconf 86' lang='lat' dir='ltr'>istos</span> <span class='ocrx_word' id='word_1_117' title='bbox 1054 1337 1148 1372; x_wconf 87' lang='lat' dir='ltr'>versus</span> <span class='ocrx_word' id='word_1_118' title='bbox 1161 1319 1250 1390; x_wconf 74' lang='lat' dir='ltr'>legere</span> <span class='ocrx_word' id='word_1_119' title='bbox 1262 1333 1304 1375; x_wconf 84' lang='lat' dir='ltr'>est</span> <span class='ocrx_word' id='word_1_120' title='bbox 1319 1321 1390 1393; x_wconf 77' lang='lat' dir='ltr'>apud</span> 
     </span>
     <span class='ocr_line' id='line_1_12' title="bbox 310 1399 1034 1457; baseline -0.001 -2"><span class='ocrx_word' id='word_1_121' title='bbox 310 1402 448 1457; x_wconf 86' lang='lat' dir='ltr'>satiricum</span> <span class='ocrx_word' id='word_1_122' title='bbox 458 1411 582 1456; x_wconf 89' lang='lat' dir='ltr'>nostrum</span> <span class='ocrx_word' id='word_1_123' title='bbox 595 1399 701 1457; x_wconf 79' lang='lat' dir='ltr'>Gilbert,</span> <span class='ocrx_word' id='word_1_124' title='bbox 714 1401 739 1449; x_wconf 83' lang='lat' dir='ltr'>le</span> <span class='ocrx_word' id='word_1_125' title='bbox 750 1401 928 1451; x_wconf 65' lang='lat' dir='ltr'>diaedut&#39;titme</span> <span class='ocrx_word' id='word_1_126' title='bbox 941 1401 1034 1454; x_wconf 60' lang='lat' dir='ltr'>Sidete:</span> 
     </span>
    </p>
   </div>
   <div class='ocr_carea' id='block_1_4' title="bbox 494 1494 1359 1623">
    <p class='ocr_par' dir='ltr' id='par_1_4' title="bbox 494 1494 1359 1623">
     <span class='ocr_line' id='line_1_13' title="bbox 495 1494 1143 1556; baseline 0.008 -18"><span class='ocrx_word' id='word_1_127' title='bbox 495 1517 508 1538; x_wconf 71' lang='grc' dir='ltr'><strong>α</strong></span> <span class='ocrx_word' id='word_1_128' title='bbox 516 1499 551 1542; x_wconf 85' lang='lat' dir='ltr'>De</span> <span class='ocrx_word' id='word_1_129' title='bbox 563 1494 686 1540; x_wconf 83' lang='lat' dir='ltr'>nouvelles</span> <span class='ocrx_word' id='word_1_130' title='bbox 699 1495 807 1556; x_wconf 76' lang='lat' dir='ltr'>Sophos,</span> <span class='ocrx_word' id='word_1_131' title='bbox 820 1497 880 1542; x_wconf 81' lang='lat' dir='ltr'>drus</span> <span class='ocrx_word' id='word_1_132' title='bbox 892 1496 914 1541; x_wconf 83' lang='lat' dir='ltr'>le</span> <span class='ocrx_word' id='word_1_133' title='bbox 926 1496 1000 1541; x_wconf 85' lang='lat' dir='ltr'>crime</span> <span class='ocrx_word' id='word_1_134' title='bbox 1011 1496 1143 1551; x_wconf 70' lang='lat' dir='ltr'>aller-mica,</span> 
     </span>
     <span class='ocr_line' id='line_1_14' title="bbox 494 1568 1359 1623; baseline 0.013 -12"><span class='ocrx_word' id='word_1_135' title='bbox 494 1591 507 1611; x_wconf 70' lang='lat' dir='ltr'>a</span> <span class='ocrx_word' id='word_1_136' title='bbox 514 1568 587 1616; x_wconf 75' lang='lat' dir='ltr'>Meris</span> <span class='ocrx_word' id='word_1_137' title='bbox 597 1568 628 1613; x_wconf 88' lang='lat' dir='ltr'>de</span> <span class='ocrx_word' id='word_1_138' title='bbox 637 1583 682 1613; x_wconf 86' lang='lat' dir='ltr'>nos</span> <span class='ocrx_word' id='word_1_139' title='bbox 693 1568 793 1615; x_wconf 86' lang='lat' dir='ltr'>beaute&#39;s</span> <span class='ocrx_word' id='word_1_140' title='bbox 803 1585 858 1616; x_wconf 87' lang='lat' dir='ltr'>sous</span> <span class='ocrx_word' id='word_1_141' title='bbox 870 1572 892 1616; x_wconf 88' lang='lat' dir='ltr'>le</span> <span class='ocrx_word' id='word_1_142' title='bbox 905 1571 961 1616; x_wconf 88' lang='lat' dir='ltr'>titre</span> <span class='ocrx_word' id='word_1_143' title='bbox 971 1571 1075 1618; x_wconf 79' lang='lat' dir='ltr'>d&#39;anrias.</span> <span class='ocrx_word' id='word_1_144' title='bbox 1084 1593 1097 1612; x_wconf 70' lang='lat' dir='ltr'>a</span> <span class='ocrx_word' id='word_1_145' title='bbox 1315 1577 1359 1623; x_wconf 77' lang='lat' dir='ltr'>Eu.</span> 
     </span>
    </p>
   </div>
   <div class='ocr_carea' id='block_1_5' title="bbox 308 1655 1387 1730">
    <p class='ocr_par' dir='ltr' id='par_1_5' title="bbox 308 1655 1387 1730">
     <span class='ocr_line' id='line_1_15' title="bbox 308 1655 1387 1730; baseline 0.003 -22"><span class='ocrx_word' id='word_1_146' title='bbox 308 1689 344 1700; x_wconf 85' lang='lat'>-</span> <span class='ocrx_word' id='word_1_147' title='bbox 355 1660 474 1726; x_wconf 79' lang='lat' dir='ltr'>Equitare</span> <span class='ocrx_word' id='word_1_148' title='bbox 486 1655 520 1708; x_wconf 88' lang='lat' dir='ltr'>de</span> <span class='ocrx_word' id='word_1_149' title='bbox 533 1673 563 1708; x_wconf 84' lang='lat' dir='ltr'>re</span> <span class='ocrx_word' id='word_1_150' title='bbox 577 1671 692 1706; x_wconf 80' lang='lat' dir='ltr'>venerea</span> <span class='ocrx_word' id='word_1_151' title='bbox 705 1655 753 1722; x_wconf 88' lang='lat' dir='ltr'>(ut</span> <span class='ocrx_word' id='word_1_152' title='bbox 766 1670 889 1709; x_wconf 90' lang='lat' dir='ltr'>nostrum</span> <span class='ocrx_word' id='word_1_153' title='bbox 899 1661 989 1721; x_wconf 83' lang='lat' dir='ltr'>reiteu,</span> <span class='ocrx_word' id='word_1_154' title='bbox 1004 1670 1030 1711; x_wconf 91' lang='lat' dir='ltr'>et</span> <span class='ocrx_word' id='word_1_155' title='bbox 1042 1659 1104 1730; x_wconf 76' lang='lat' dir='ltr'>gall.</span> <span class='ocrx_word' id='word_1_156' title='bbox 1117 1659 1298 1730; x_wconf 71' lang='lat' dir='ltr'>elementer),</span> <span class='ocrx_word' id='word_1_157' title='bbox 1312 1662 1337 1710; x_wconf 83' lang='grc' dir='ltr'>ιἰι</span> <span class='ocrx_word' id='word_1_158' title='bbox 1346 1665 1387 1711; x_wconf 79' lang='grc' dir='ltr'>οι·-</span> 
     </span>
    </p>
   </div>
   <div class='ocr_carea' id='block_1_6' title="bbox 307 1737 1385 1898">
    <p class='ocr_par' dir='ltr' id='par_1_6' title="bbox 307 1737 1385 1898">
     <span class='ocr_line' id='line_1_16' title="bbox 307 1737 1385 1816; baseline 0 -20"><span class='ocrx_word' id='word_1_159' title='bbox 307 1765 356 1805; x_wconf 80' lang='lat' dir='ltr'>ces,</span> <span class='ocrx_word' id='word_1_160' title='bbox 369 1746 495 1810; x_wconf 77' lang='lat' dir='ltr'>utfireere</span> <span class='ocrx_word' id='word_1_161' title='bbox 506 1742 613 1802; x_wconf 77' lang='lat' dir='ltr'>vicibus,</span> <span class='ocrx_word' id='word_1_162' title='bbox 623 1737 693 1801; x_wconf 89' lang='lat' dir='ltr'>Vll,</span> <span class='ocrx_word' id='word_1_163' title='bbox 707 1745 768 1802; x_wconf 69' lang='lat'>²4⁰·</span> <span class='ocrx_word' id='word_1_164' title='bbox 779 1771 814 1780; x_wconf 90' lang='lat'>-</span> <span class='ocrx_word' id='word_1_165' title='bbox 823 1745 893 1792; x_wconf 79' lang='lat' dir='ltr'>Luna</span> <span class='ocrx_word' id='word_1_166' title='bbox 906 1755 1006 1794; x_wconf 81' lang='lat' dir='ltr'>testeae</span> <span class='ocrx_word' id='word_1_167' title='bbox 1016 1742 1122 1796; x_wconf 81' lang='lat' dir='ltr'>conscia</span> <span class='ocrx_word' id='word_1_168' title='bbox 1134 1742 1315 1814; x_wconf 78' lang='lat' dir='ltr'>flagitiorum,</span> <span class='ocrx_word' id='word_1_169' title='bbox 1330 1763 1385 1816; x_wconf 80' lang='lat' dir='ltr'>quo</span> 
     </span>
     <span class='ocr_line' id='line_1_17' title="bbox 307 1821 1385 1898; baseline -0.001 -16"><span class='ocrx_word' id='word_1_170' title='bbox 307 1841 436 1882; x_wconf 78' lang='lat' dir='ltr'>matronae</span> <span class='ocrx_word' id='word_1_171' title='bbox 451 1823 562 1898; x_wconf 84' lang='lat' dir='ltr'>pudoris</span> <span class='ocrx_word' id='word_1_172' title='bbox 577 1821 666 1874; x_wconf 81' lang='lat' dir='ltr'>oblitae</span> <span class='ocrx_word' id='word_1_173' title='bbox 680 1841 714 1876; x_wconf 85' lang='lat' dir='ltr'>ne</span> <span class='ocrx_word' id='word_1_174' title='bbox 728 1827 844 1879; x_wconf 76' lang='lat' dir='ltr'>obscura</span> <span class='ocrx_word' id='word_1_175' title='bbox 860 1823 970 1896; x_wconf 85' lang='lat' dir='ltr'>quidem</span> <span class='ocrx_word' id='word_1_176' title='bbox 984 1837 1076 1886; x_wconf 86' lang='lat' dir='ltr'>noete,</span> <span class='ocrx_word' id='word_1_177' title='bbox 1090 1824 1137 1880; x_wconf 84' lang='lat' dir='ltr'>sed</span> <span class='ocrx_word' id='word_1_178' title='bbox 1152 1825 1314 1896; x_wconf 87' lang='lat' dir='ltr'>splendente</span> <span class='ocrx_word' id='word_1_179' title='bbox 1327 1827 1385 1881; x_wconf 86' lang='lat' dir='ltr'>luna</span> 
     </span>
    </p>
   </div>
   <div class='ocr_carea' id='block_1_7' title="bbox 218 1905 1385 1979">
    <p class='ocr_par' dir='ltr' id='par_1_7' title="bbox 218 1905 1385 1979">
     <span class='ocr_line' id='line_1_18' title="bbox 218 1905 1385 1979; baseline -0.003 -11"><span class='ocrx_word' id='word_1_180' title='bbox 218 1965 220 1968; x_wconf 88' lang='lat'>.</span> <span class='ocrx_word' id='word_1_181' title='bbox 307 1911 489 1966; x_wconf 85' lang='lat' dir='ltr'>committunt.</span> <span class='ocrx_word' id='word_1_182' title='bbox 503 1905 595 1961; x_wconf 84' lang='lat' dir='ltr'>Sidera</span> <span class='ocrx_word' id='word_1_183' title='bbox 611 1919 683 1967; x_wconf 69' lang='lat' dir='ltr'>testaz</span> <span class='ocrx_word' id='word_1_184' title='bbox 695 1927 768 1968; x_wconf 82' lang='lat' dir='ltr'>esse,</span> <span class='ocrx_word' id='word_1_185' title='bbox 782 1923 824 1973; x_wconf 85' lang='lat' dir='ltr'>et,</span> <span class='ocrx_word' id='word_1_186' title='bbox 837 1922 967 1979; x_wconf 85' lang='lat' dir='ltr'>tanquam</span> <span class='ocrx_word' id='word_1_187' title='bbox 978 1908 1050 1961; x_wconf 84' lang='lat' dir='ltr'>oculi</span> <span class='ocrx_word' id='word_1_188' title='bbox 1061 1909 1134 1971; x_wconf 83' lang='lat' dir='ltr'>carli,</span> <span class='ocrx_word' id='word_1_189' title='bbox 1150 1906 1243 1961; x_wconf 88' lang='lat' dir='ltr'>videre</span> <span class='ocrx_word' id='word_1_190' title='bbox 1254 1910 1344 1962; x_wconf 84' lang='lat' dir='ltr'>omnia</span> <span class='ocrx_word' id='word_1_191' title='bbox 1357 1931 1385 1965; x_wconf 80' lang='lat' dir='ltr'>ac</span> 
     </span>
    </p>
   </div>
   <div class='ocr_carea' id='block_1_8' title="bbox 307 1985 1385 2067">
    <p class='ocr_par' dir='ltr' id='par_1_8' title="bbox 307 1985 1385 2067">
     <span class='ocr_line' id='line_1_19' title="bbox 307 1985 1385 2067; baseline -0.002 -17"><span class='ocrx_word' id='word_1_192' title='bbox 307 1996 464 2067; x_wconf 84' lang='lat' dir='ltr'>despectare</span> <span class='ocrx_word' id='word_1_193' title='bbox 481 1991 619 2046; x_wconf 86' lang='lat' dir='ltr'>dicuntur.</span> <span class='ocrx_word' id='word_1_194' title='bbox 634 1985 646 2026; x_wconf 81' lang='lat'>³</span> <span class='ocrx_word' id='word_1_195' title='bbox 660 2023 696 2034; x_wconf 90' lang='lat'>-</span> <span class='ocrx_word' id='word_1_196' title='bbox 709 1998 852 2054; x_wconf 75' lang='lat' dir='ltr'>Moventur,</span> <span class='ocrx_word' id='word_1_197' title='bbox 871 1992 1005 2063; x_wconf 77' lang='lat' dir='ltr'>agitantur</span> <span class='ocrx_word' id='word_1_198' title='bbox 1020 1993 1155 2065; x_wconf 82' lang='lat' dir='ltr'>voluptati</span> <span class='ocrx_word' id='word_1_199' title='bbox 1169 1992 1340 2066; x_wconf 72' lang='lat' dir='ltr'>indulgentes</span> <span class='ocrx_word' id='word_1_200' title='bbox 1360 2009 1385 2048; x_wconf 85' lang='lat' dir='ltr'>et</span> 
     </span>
    </p>
   </div>
   <div class='ocr_carea' id='block_1_9' title="bbox 309 2079 1112 2219">
    <p class='ocr_par' dir='ltr' id='par_1_9' title="bbox 309 2079 1112 2219">
     <span class='ocr_line' id='line_1_20' title="bbox 309 2079 471 2152; baseline -0.019 -19"><span class='ocrx_word' id='word_1_201' title='bbox 309 2079 471 2152; x_wconf 74' lang='lat' dir='ltr'>equitantes.</span> 
     </span>
     <span class='ocr_line' id='line_1_21' title="bbox 523 2145 1112 2219; baseline 0 -21"><span class='ocrx_word' id='word_1_202' title='bbox 523 2148 570 2204; x_wconf 76' lang='grc' dir='ltr'>Τὴν</span> <span class='ocrx_word' id='word_1_203' title='bbox 584 2149 690 2218; x_wconf 76' lang='grc' dir='ltr'>κεφαλὴν</span> <span class='ocrx_word' id='word_1_204' title='bbox 703 2147 772 2206; x_wconf 68' lang='lat' dir='ltr'>atita</span> <span class='ocrx_word' id='word_1_205' title='bbox 783 2145 826 2198; x_wconf 73' lang='lat' dir='ltr'>itai</span> <span class='ocrx_word' id='word_1_206' title='bbox 837 2147 879 2203; x_wconf 75' lang='grc' dir='ltr'>τήν</span> <span class='ocrx_word' id='word_1_207' title='bbox 893 2147 972 2219; x_wconf 75' lang='grc' dir='ltr'>πυγὴν</span> <span class='ocrx_word' id='word_1_208' title='bbox 988 2146 1112 2207; x_wconf 63' lang='lat' dir='ltr'>tractim·</span> 
     </span>
    </p>
   </div>
   <div class='ocr_carea' id='block_1_10' title="bbox 200 2221 1066 2405">
    <p class='ocr_par' dir='ltr' id='par_1_10' title="bbox 200 2221 1066 2405">
     <span class='ocr_line' id='line_1_22' title="bbox 556 2221 1066 2302; baseline -0.004 -18"><span class='ocrx_word' id='word_1_209' title='bbox 556 2221 587 2284; x_wconf 71' lang='lat' dir='ltr'>lv</span> <span class='ocrx_word' id='word_1_210' title='bbox 597 2233 639 2302; x_wconf 70' lang='grc' dir='ltr'>μὲν</span> <span class='ocrx_word' id='word_1_211' title='bbox 649 2232 805 2302; x_wconf 74' lang='grc' dir='ltr'>μαινομένου,</span> <span class='ocrx_word' id='word_1_212' title='bbox 818 2230 839 2281; x_wconf 78' lang='lat' dir='ltr'>is</span> <span class='ocrx_word' id='word_1_213' title='bbox 850 2225 877 2280; x_wconf 81' lang='lat' dir='ltr'>di</span> <span class='ocrx_word' id='word_1_214' title='bbox 888 2231 1066 2301; x_wconf 75' lang='grc' dir='ltr'>περαινομένου.</span> 
     </span>
     <span class='ocr_line' id='line_1_23' title="bbox 200 2321 997 2405; baseline -0.011 -18"><span class='ocrx_word' id='word_1_215' title='bbox 200 2321 203 2326; x_wconf 78' lang='grc'><em>’</em></span> <span class='ocrx_word' id='word_1_216' title='bbox 308 2333 405 2405; x_wconf 72' lang='lat' dir='ltr'>Epigr.</span> <span class='ocrx_word' id='word_1_217' title='bbox 418 2331 510 2391; x_wconf 82' lang='lat' dir='ltr'>xxv,</span> <span class='ocrx_word' id='word_1_218' title='bbox 523 2330 551 2382; x_wconf 75' lang='lat' dir='ltr'>tn</span> <span class='ocrx_word' id='word_1_219' title='bbox 562 2327 924 2400; x_wconf 52' lang='lat' dir='ltr'>uutcttutnunrnpag.</span> <span class='ocrx_word' id='word_1_220' title='bbox 937 2330 997 2390; x_wconf 64' lang='grc' dir='ltr'>ιιι.</span> 
     </span>
    </p>
   </div>
   <div class='ocr_carea' id='block_1_11' title="bbox 342 2477 771 2536">
    <p class='ocr_par' dir='ltr' id='par_1_11' title="bbox 342 2477 771 2536">
     <span class='ocr_line' id='line_1_24' title="bbox 342 2477 771 2536; baseline 0 -12"><span class='ocrx_word' id='word_1_221' title='bbox 342 2479 410 2529; x_wconf 72' lang='lat' dir='ltr'>Vas.</span> <span class='ocrx_word' id='word_1_222' title='bbox 426 2477 486 2525; x_wconf 76' lang='lat'>312.</span> <span class='ocrx_word' id='word_1_223' title='bbox 499 2477 590 2526; x_wconf 82' lang='lat' dir='ltr'>Domus</span> <span class='ocrx_word' id='word_1_224' title='bbox 601 2477 696 2526; x_wconf 82' lang='lat' dir='ltr'>adeunt</span> <span class='ocrx_word' id='word_1_225' title='bbox 703 2513 712 2536; x_wconf 90' lang='lat'>,</span> <span class='ocrx_word' id='word_1_226' title='bbox 730 2479 771 2526; x_wconf 82' lang='lat'>85.</span> 
     </span>
    </p>
   </div>
   <div class='ocr_carea' id='block_1_12' title="bbox 306 2567 1383 2807">
    <p class='ocr_par' dir='ltr' id='par_1_12' title="bbox 306 2567 1383 2807">
     <span class='ocr_line' id='line_1_25' title="bbox 342 2567 1383 2642; baseline 0 -18"><span class='ocrx_word' id='word_1_227' title='bbox 342 2572 413 2624; x_wconf 79' lang='lat' dir='ltr'>Nor.</span> <span class='ocrx_word' id='word_1_228' title='bbox 433 2568 494 2622; x_wconf 76' lang='lat'>312.</span> <span class='ocrx_word' id='word_1_229' title='bbox 515 2573 629 2642; x_wconf 70' lang='lat' dir='ltr'>Confugis</span> <span class='ocrx_word' id='word_1_230' title='bbox 642 2584 693 2624; x_wconf 85' lang='lat' dir='ltr'>tuse</span> <span class='ocrx_word' id='word_1_231' title='bbox 709 2572 806 2622; x_wconf 76' lang='lat' dir='ltr'>ursitum</span> <span class='ocrx_word' id='word_1_232' title='bbox 822 2572 923 2630; x_wconf 83' lang='lat' dir='ltr'>calcas,</span> <span class='ocrx_word' id='word_1_233' title='bbox 936 2567 1092 2640; x_wconf 72' lang='lat' dir='ltr'>praeteriens</span> <span class='ocrx_word' id='word_1_234' title='bbox 1102 2585 1174 2622; x_wconf 82' lang='lat' dir='ltr'>uram</span> <span class='ocrx_word' id='word_1_235' title='bbox 1189 2567 1346 2636; x_wconf 65' lang='lat' dir='ltr'>Pudicitia,</span> <span class='ocrx_word' id='word_1_236' title='bbox 1360 2584 1383 2624; x_wconf 85' lang='lat' dir='ltr'>et</span> 
     </span>
     <span class='ocr_line' id='line_1_26' title="bbox 307 2653 1383 2726; baseline 0.001 -21"><span class='ocrx_word' id='word_1_237' title='bbox 307 2657 416 2714; x_wconf 73' lang='lat' dir='ltr'>vunnu,</span> <span class='ocrx_word' id='word_1_238' title='bbox 428 2654 603 2718; x_wconf 82' lang='lat' dir='ltr'>salutaturus,</span> <span class='ocrx_word' id='word_1_239' title='bbox 615 2657 708 2706; x_wconf 82' lang='lat' dir='ltr'>amicos</span> <span class='ocrx_word' id='word_1_240' title='bbox 717 2673 831 2723; x_wconf 74' lang='lat' dir='ltr'>maguus,</span> <span class='ocrx_word' id='word_1_241' title='bbox 842 2664 966 2723; x_wconf 84' lang='lat' dir='ltr'>potentes</span> <span class='ocrx_word' id='word_1_242' title='bbox 977 2671 1008 2705; x_wconf 82' lang='lat' dir='ltr'>rc</span> <span class='ocrx_word' id='word_1_243' title='bbox 1020 2653 1143 2718; x_wconf 82' lang='lat' dir='ltr'>nobiles,</span> <span class='ocrx_word' id='word_1_244' title='bbox 1155 2665 1304 2724; x_wconf 83' lang='lat' dir='ltr'>patronos,</span> <span class='ocrx_word' id='word_1_245' title='bbox 1316 2655 1359 2726; x_wconf 90' lang='lat' dir='ltr'>qui</span> <span class='ocrx_word' id='word_1_246' title='bbox 1369 2673 1383 2706; x_wconf 83' lang='lat' dir='ltr'>a</span> 
     </span>
     <span class='ocr_line' id='line_1_27' title="bbox 306 2733 1150 2807; baseline -0.006 -15"><span class='ocrx_word' id='word_1_247' title='bbox 306 2736 448 2792; x_wconf 81' lang='lat' dir='ltr'>clientibus</span> <span class='ocrx_word' id='word_1_248' title='bbox 458 2740 511 2788; x_wconf 72' lang='lat' dir='ltr'>tuce</span> <span class='ocrx_word' id='word_1_249' title='bbox 521 2737 606 2807; x_wconf 85' lang='lat' dir='ltr'>prima</span> <span class='ocrx_word' id='word_1_250' title='bbox 618 2738 776 2796; x_wconf 81' lang='lat' dir='ltr'>¹salutantur.</span> <span class='ocrx_word' id='word_1_251' title='bbox 787 2735 867 2789; x_wconf 79' lang='lat' dir='ltr'>Cous.</span> <span class='ocrx_word' id='word_1_252' title='bbox 878 2735 906 2798; x_wconf 93' lang='lat'>1,</span> <span class='ocrx_word' id='word_1_253' title='bbox 917 2733 966 2800; x_wconf 82' lang='lat'>33,</span> <span class='ocrx_word' id='word_1_254' title='bbox 977 2749 1004 2788; x_wconf 87' lang='lat' dir='ltr'>et</span> <span class='ocrx_word' id='word_1_255' title='bbox 1017 2733 1075 2798; x_wconf 87' lang='lat' dir='ltr'>lli,</span> <span class='ocrx_word' id='word_1_256' title='bbox 1092 2735 1150 2798; x_wconf 76' lang='lat' dir='ltr'>rdd.</span> 
     </span>
    </p>
   </div>
   <div class='ocr_carea' id='block_1_13' title="bbox 303 2828 1383 3635">
    <p class='ocr_par' dir='ltr' id='par_1_13' title="bbox 303 2828 1383 3635">
     <span class='ocr_line' id='line_1_28' title="bbox 343 2828 1383 2900; baseline -0.003 -14"><span class='ocrx_word' id='word_1_257' title='bbox 343 2834 413 2886; x_wconf 82' lang='lat' dir='ltr'>Nor.</span> <span class='ocrx_word' id='word_1_258' title='bbox 429 2833 580 2898; x_wconf 70' lang='lat' dir='ltr'>stt-345.</span> <span class='ocrx_word' id='word_1_259' title='bbox 592 2833 643 2885; x_wconf 77' lang='lat' dir='ltr'>atii</span> <span class='ocrx_word' id='word_1_260' title='bbox 656 2851 705 2887; x_wconf 86' lang='lat' dir='ltr'>nec</span> <span class='ocrx_word' id='word_1_261' title='bbox 716 2834 807 2886; x_wconf 88' lang='lat' dir='ltr'>minus</span> <span class='ocrx_word' id='word_1_262' title='bbox 819 2830 880 2884; x_wconf 82' lang='lat' dir='ltr'>soedi</span> <span class='ocrx_word' id='word_1_263' title='bbox 893 2828 1093 2891; x_wconf 84' lang='lat' dir='ltr'>describuntur,</span> <span class='ocrx_word' id='word_1_264' title='bbox 1103 2829 1239 2900; x_wconf 83' lang='lat' dir='ltr'>nimisque</span> <span class='ocrx_word' id='word_1_265' title='bbox 1248 2828 1284 2882; x_wconf 89' lang='lat' dir='ltr'>ad</span> <span class='ocrx_word' id='word_1_266' title='bbox 1294 2831 1383 2883; x_wconf 83' lang='lat' dir='ltr'>vivom</span> 
     </span>
     <span class='ocr_line' id='line_1_29' title="bbox 307 2911 1383 2986; baseline -0.003 -17"><span class='ocrx_word' id='word_1_267' title='bbox 307 2916 382 2986; x_wconf 86' lang='lat' dir='ltr'>quasi</span> <span class='ocrx_word' id='word_1_268' title='bbox 392 2927 547 2970; x_wconf 78' lang='lat' dir='ltr'>resecantur</span> <span class='ocrx_word' id='word_1_269' title='bbox 556 2915 668 2969; x_wconf 76' lang='lat' dir='ltr'>effectus</span> <span class='ocrx_word' id='word_1_270' title='bbox 676 2915 827 2978; x_wconf 81' lang='lat' dir='ltr'>ebrietatis,</span> <span class='ocrx_word' id='word_1_271' title='bbox 836 2927 862 2966; x_wconf 89' lang='lat' dir='ltr'>et</span> <span class='ocrx_word' id='word_1_272' title='bbox 872 2927 964 2984; x_wconf 81' lang='lat' dir='ltr'>stupra</span> <span class='ocrx_word' id='word_1_273' title='bbox 975 2911 1100 2975; x_wconf 80' lang='lat' dir='ltr'>nefanda,</span> <span class='ocrx_word' id='word_1_274' title='bbox 1108 2913 1207 2983; x_wconf 86' lang='lat' dir='ltr'>quibus</span> <span class='ocrx_word' id='word_1_275' title='bbox 1218 2929 1297 2964; x_wconf 83' lang='lat' dir='ltr'>sacra</span> <span class='ocrx_word' id='word_1_276' title='bbox 1306 2913 1383 2966; x_wconf 85' lang='lat' dir='ltr'>etiam</span> 
     </span>
     <span class='ocr_line' id='line_1_30' title="bbox 306 2993 1383 3068; baseline 0 -18"><span class='ocrx_word' id='word_1_277' title='bbox 306 3011 332 3050; x_wconf 87' lang='lat' dir='ltr'>et</span> <span class='ocrx_word' id='word_1_278' title='bbox 342 2997 505 3050; x_wconf 74' lang='lat' dir='ltr'>ceremonia</span> <span class='ocrx_word' id='word_1_279' title='bbox 516 2995 643 3060; x_wconf 85' lang='lat' dir='ltr'>deorum,</span> <span class='ocrx_word' id='word_1_280' title='bbox 655 2998 735 3068; x_wconf 87' lang='lat' dir='ltr'>impr.</span> <span class='ocrx_word' id='word_1_281' title='bbox 745 3003 822 3049; x_wconf 76' lang='lat' dir='ltr'>Bona</span> <span class='ocrx_word' id='word_1_282' title='bbox 834 3003 905 3058; x_wconf 78' lang='lat' dir='ltr'>Dtoe,</span> <span class='ocrx_word' id='word_1_283' title='bbox 919 2997 1088 3068; x_wconf 87' lang='lat' dir='ltr'>polluuntur.</span> <span class='ocrx_word' id='word_1_284' title='bbox 1099 2996 1139 3048; x_wconf 88' lang='lat' dir='ltr'>De</span> <span class='ocrx_word' id='word_1_285' title='bbox 1150 2995 1202 3048; x_wconf 81' lang='lat' dir='ltr'>hac</span> <span class='ocrx_word' id='word_1_286' title='bbox 1212 2993 1264 3048; x_wconf 86' lang='lat' dir='ltr'>dea</span> <span class='ocrx_word' id='word_1_287' title='bbox 1275 2999 1383 3068; x_wconf 83' lang='lat' dir='ltr'>ejusque</span> 
     </span>
     <span class='ocr_line' id='line_1_31' title="bbox 306 3078 1380 3152; baseline 0 -20"><span class='ocrx_word' id='word_1_288' title='bbox 306 3082 390 3134; x_wconf 83' lang='lat' dir='ltr'>auctis</span> <span class='ocrx_word' id='word_1_289' title='bbox 402 3122 410 3148; x_wconf 89' lang='lat'><strong><em>‚</em></strong></span> <span class='ocrx_word' id='word_1_290' title='bbox 422 3101 481 3152; x_wconf 80' lang='lat' dir='ltr'>quae</span> <span class='ocrx_word' id='word_1_291' title='bbox 495 3082 523 3133; x_wconf 88' lang='lat' dir='ltr'>in</span> <span class='ocrx_word' id='word_1_292' title='bbox 538 3100 667 3134; x_wconf 85' lang='lat' dir='ltr'>sumntum</span> <span class='ocrx_word' id='word_1_293' title='bbox 678 3081 776 3134; x_wconf 83' lang='lat' dir='ltr'>sensim</span> <span class='ocrx_word' id='word_1_294' title='bbox 787 3080 983 3152; x_wconf 87' lang='lat' dir='ltr'>turpitudinem</span> <span class='ocrx_word' id='word_1_295' title='bbox 992 3078 1206 3150; x_wconf 77' lang='lat' dir='ltr'>degenerabant,</span> <span class='ocrx_word' id='word_1_296' title='bbox 1217 3078 1281 3132; x_wconf 80' lang='lat' dir='ltr'>vide</span> <span class='ocrx_word' id='word_1_297' title='bbox 1292 3081 1327 3132; x_wconf 88' lang='lat' dir='ltr'>ad</span> <span class='ocrx_word' id='word_1_298' title='bbox 1339 3083 1366 3133; x_wconf 93' lang='lat' dir='ltr'>lt</span> <span class='ocrx_word' id='word_1_299' title='bbox 1373 3122 1380 3147; x_wconf 86' lang='lat'>‚</span> 
     </span>
     <span class='ocr_line' id='line_1_32' title="bbox 307 3163 1381 3236; baseline 0.001 -19"><span class='ocrx_word' id='word_1_300' title='bbox 307 3165 341 3217; x_wconf 81' lang='lat'>86</span> <span class='ocrx_word' id='word_1_301' title='bbox 352 3183 408 3235; x_wconf 88' lang='lat' dir='ltr'>seq.</span> <span class='ocrx_word' id='word_1_302' title='bbox 419 3195 452 3204; x_wconf 89' lang='lat'>-</span> <span class='ocrx_word' id='word_1_303' title='bbox 463 3169 531 3216; x_wconf 82' lang='lat' dir='ltr'>Nota</span> <span class='ocrx_word' id='word_1_304' title='bbox 544 3178 654 3235; x_wconf 84' lang='lat' dir='ltr'>propter</span> <span class='ocrx_word' id='word_1_305' title='bbox 665 3184 768 3218; x_wconf 87' lang='lat' dir='ltr'>summa</span> <span class='ocrx_word' id='word_1_306' title='bbox 779 3165 896 3236; x_wconf 80' lang='lat' dir='ltr'>flagitia,</span> <span class='ocrx_word' id='word_1_307' title='bbox 912 3166 939 3217; x_wconf 91' lang='lat' dir='ltr'>in</span> <span class='ocrx_word' id='word_1_308' title='bbox 951 3165 992 3216; x_wconf 84' lang='lat' dir='ltr'>bis</span> <span class='ocrx_word' id='word_1_309' title='bbox 1005 3164 1088 3218; x_wconf 86' lang='lat' dir='ltr'>sacris</span> <span class='ocrx_word' id='word_1_310' title='bbox 1100 3163 1234 3217; x_wconf 89' lang='lat' dir='ltr'>committi</span> <span class='ocrx_word' id='word_1_311' title='bbox 1246 3164 1334 3218; x_wconf 84' lang='lat' dir='ltr'>solita.</span> <span class='ocrx_word' id='word_1_312' title='bbox 1348 3167 1381 3218; x_wconf 89' lang='lat' dir='ltr'>Et</span> 
     </span>
     <span class='ocr_line' id='line_1_33' title="bbox 304 3247 1378 3320; baseline 0.003 -20"><span class='ocrx_word' id='word_1_313' title='bbox 304 3248 364 3300; x_wconf 86' lang='lat' dir='ltr'>hteo</span> <span class='ocrx_word' id='word_1_314' title='bbox 377 3249 470 3320; x_wconf 83' lang='lat' dir='ltr'>utique</span> <span class='ocrx_word' id='word_1_315' title='bbox 482 3249 589 3301; x_wconf 88' lang='lat' dir='ltr'>notiora</span> <span class='ocrx_word' id='word_1_316' title='bbox 600 3262 674 3310; x_wconf 81' lang='lat' dir='ltr'>tunt,</span> <span class='ocrx_word' id='word_1_317' title='bbox 688 3268 768 3319; x_wconf 80' lang='lat' dir='ltr'>quatu</span> <span class='ocrx_word' id='word_1_318' title='bbox 778 3251 855 3320; x_wconf 79' lang='lat' dir='ltr'>ipsae,</span> <span class='ocrx_word' id='word_1_319' title='bbox 866 3247 1022 3320; x_wconf 76' lang='lat' dir='ltr'>quibusdan</span> <span class='ocrx_word' id='word_1_320' title='bbox 1033 3248 1186 3312; x_wconf 80' lang='lat' dir='ltr'>colebatur,</span> <span class='ocrx_word' id='word_1_321' title='bbox 1201 3251 1378 3303; x_wconf 66' lang='lat' dir='ltr'>ceremonia.</span> 
     </span>
     <span class='ocr_line' id='line_1_34' title="bbox 306 3330 1380 3399; baseline 0.003 -16"><span class='ocrx_word' id='word_1_322' title='bbox 306 3335 374 3384; x_wconf 84' lang='lat' dir='ltr'>Nota</span> <span class='ocrx_word' id='word_1_323' title='bbox 390 3347 479 3384; x_wconf 85' lang='lat' dir='ltr'>autem</span> <span class='ocrx_word' id='word_1_324' title='bbox 494 3334 576 3386; x_wconf 84' lang='lat' dir='ltr'>facete</span> <span class='ocrx_word' id='word_1_325' title='bbox 593 3330 721 3384; x_wconf 87' lang='lat' dir='ltr'>dicuntur</span> <span class='ocrx_word' id='word_1_326' title='bbox 734 3347 844 3399; x_wconf 77' lang='lat' dir='ltr'>secreta,</span> <span class='ocrx_word' id='word_1_327' title='bbox 857 3334 909 3386; x_wconf 82' lang='lat' dir='ltr'>lroo</span> <span class='ocrx_word' id='word_1_328' title='bbox 924 3346 976 3394; x_wconf 82' lang='lat' dir='ltr'>eat,</span> <span class='ocrx_word' id='word_1_329' title='bbox 989 3350 1085 3384; x_wconf 87' lang='lat' dir='ltr'>arcana</span> <span class='ocrx_word' id='word_1_330' title='bbox 1101 3331 1157 3384; x_wconf 76' lang='lat' dir='ltr'>dem</span> <span class='ocrx_word' id='word_1_331' title='bbox 1172 3351 1264 3398; x_wconf 77' lang='lat' dir='ltr'>sacra,</span> <span class='ocrx_word' id='word_1_332' title='bbox 1285 3353 1300 3386; x_wconf 89' lang='lat' dir='ltr'>a</span> <span class='ocrx_word' id='word_1_333' title='bbox 1319 3335 1380 3387; x_wconf 82' lang='lat' dir='ltr'>solis</span> 
     </span>
     <span class='ocr_line' id='line_1_35' title="bbox 305 3416 1379 3490; baseline 0.004 -24"><span class='ocrx_word' id='word_1_334' title='bbox 305 3416 421 3482; x_wconf 79' lang='lat' dir='ltr'>seminis,</span> <span class='ocrx_word' id='word_1_335' title='bbox 433 3428 458 3469; x_wconf 86' lang='lat' dir='ltr'>et</span> <span class='ocrx_word' id='word_1_336' title='bbox 467 3416 531 3468; x_wconf 90' lang='lat' dir='ltr'>bino</span> <span class='ocrx_word' id='word_1_337' title='bbox 540 3417 568 3468; x_wconf 93' lang='lat' dir='ltr'>io</span> <span class='ocrx_word' id='word_1_338' title='bbox 579 3417 761 3478; x_wconf 65' lang='lat' dir='ltr'>lactesceret,</span> <span class='ocrx_word' id='word_1_339' title='bbox 773 3417 842 3468; x_wconf 79' lang='lat' dir='ltr'>sorte</span> <span class='ocrx_word' id='word_1_340' title='bbox 854 3417 1033 3470; x_wconf 84' lang='lat' dir='ltr'>subterraneis</span> <span class='ocrx_word' id='word_1_341' title='bbox 1044 3435 1075 3469; x_wconf 87' lang='lat' dir='ltr'>ao</span> <span class='ocrx_word' id='word_1_342' title='bbox 1089 3417 1238 3476; x_wconf 78' lang='lat' dir='ltr'>fornicatio,</span> <span class='ocrx_word' id='word_1_343' title='bbox 1253 3430 1283 3470; x_wconf 91' lang='lat' dir='ltr'>ut</span> <span class='ocrx_word' id='word_1_344' title='bbox 1293 3419 1379 3490; x_wconf 86' lang='lat' dir='ltr'>Priapi</span> 
     </span>
     <span class='ocr_line' id='line_1_36' title="bbox 303 3498 1377 3635; baseline 0.001 -81"><span class='ocrx_word' id='word_1_345' title='bbox 303 3517 382 3554; x_wconf 84' lang='lat' dir='ltr'>sacra</span> <span class='ocrx_word' id='word_1_346' title='bbox 390 3517 445 3554; x_wconf 90' lang='lat' dir='ltr'>non</span> <span class='ocrx_word' id='word_1_347' title='bbox 456 3499 543 3635; x_wconf 61' lang='lat' dir='ltr'>tp&#39;nus</span> <span class='ocrx_word' id='word_1_348' title='bbox 552 3499 659 3570; x_wconf 84' lang='lat' dir='ltr'>impura</span> <span class='ocrx_word' id='word_1_349' title='bbox 669 3499 697 3550; x_wconf 90' lang='lat' dir='ltr'>in</span> <span class='ocrx_word' id='word_1_350' title='bbox 711 3512 811 3571; x_wconf 74' lang='lat' dir='ltr'>crypta</span> <span class='ocrx_word' id='word_1_351' title='bbox 821 3519 939 3560; x_wconf 83' lang='lat' dir='ltr'>recessu.</span> <span class='ocrx_word' id='word_1_352' title='bbox 955 3500 1105 3562; x_wconf 83' lang='lat' dir='ltr'>celebrata,</span> <span class='ocrx_word' id='word_1_353' title='bbox 1117 3498 1190 3552; x_wconf 86' lang='lat' dir='ltr'>unde</span> <span class='ocrx_word' id='word_1_354' title='bbox 1199 3515 1299 3552; x_wconf 72' lang='lat' dir='ltr'>anuum</span> <span class='ocrx_word' id='word_1_355' title='bbox 1310 3503 1377 3556; x_wconf 77' lang='lat' dir='ltr'>intra</span> 
     </span>
    </p>
   </div>
   <div class='ocr_carea' id='block_1_14' title="bbox 299 3787 1375 4248">
    <p class='ocr_par' dir='ltr' id='par_1_14' title="bbox 299 3787 1375 4248">
     <span class='ocr_line' id='line_1_37' title="bbox 340 3787 1374 3854; baseline 0.002 -18"><span class='ocrx_word' id='word_1_356' title='bbox 340 3793 349 3819; x_wconf 92' lang='lat'>¹</span> <span class='ocrx_word' id='word_1_357' title='bbox 369 3787 442 3837; x_wconf 77' lang='lat' dir='ltr'>cont.</span> <span class='ocrx_word' id='word_1_358' title='bbox 454 3789 539 3854; x_wconf 73' lang='lat' dir='ltr'>scalig.</span> <span class='ocrx_word' id='word_1_359' title='bbox 552 3789 699 3837; x_wconf 78' lang='lat' dir='ltr'>adVarrou.</span> <span class='ocrx_word' id='word_1_360' title='bbox 712 3805 737 3854; x_wconf 92' lang='lat' dir='ltr'>p.</span> <span class='ocrx_word' id='word_1_361' title='bbox 753 3804 814 3848; x_wconf 73' lang='lat'>¹⁰²3</span> <span class='ocrx_word' id='word_1_362' title='bbox 863 3803 873 3835; x_wconf 88' lang='grc' dir='ltr'>ι</span> <span class='ocrx_word' id='word_1_363' title='bbox 886 3805 936 3852; x_wconf 88' lang='lat' dir='ltr'>seq.</span> <span class='ocrx_word' id='word_1_364' title='bbox 946 3787 1001 3854; x_wconf 86' lang='lat' dir='ltr'>(ubi</span> <span class='ocrx_word' id='word_1_365' title='bbox 1012 3787 1069 3835; x_wconf 86' lang='lat' dir='ltr'>vide</span> <span class='ocrx_word' id='word_1_366' title='bbox 1080 3787 1185 3853; x_wconf 82' lang='lat' dir='ltr'>intpp.);</span> <span class='ocrx_word' id='word_1_367' title='bbox 1200 3789 1276 3839; x_wconf 79' lang='lat' dir='ltr'>Mart.</span> <span class='ocrx_word' id='word_1_368' title='bbox 1294 3793 1321 3851; x_wconf 92' lang='lat'>1,</span> <span class='ocrx_word' id='word_1_369' title='bbox 1330 3807 1374 3854; x_wconf 74' lang='lat' dir='ltr'>po,</span> 
     </span>
     <span class='ocr_line' id='line_1_38' title="bbox 303 3867 1373 3934; baseline 0.006 -22"><span class='ocrx_word' id='word_1_370' title='bbox 303 3868 388 3930; x_wconf 91' lang='lat' dir='ltr'>lntpp.</span> <span class='ocrx_word' id='word_1_371' title='bbox 402 3869 466 3916; x_wconf 86' lang='lat' dir='ltr'>Plio.</span> <span class='ocrx_word' id='word_1_372' title='bbox 482 3871 559 3932; x_wconf 85' lang='lat' dir='ltr'>Epist.</span> <span class='ocrx_word' id='word_1_373' title='bbox 571 3871 602 3926; x_wconf 84' lang='lat' dir='ltr'>V,</span> <span class='ocrx_word' id='word_1_374' title='bbox 616 3872 641 3926; x_wconf 81' lang='lat'>6,</span> <span class='ocrx_word' id='word_1_375' title='bbox 656 3885 700 3926; x_wconf 73' lang='grc' dir='ltr'>οις</span> <span class='ocrx_word' id='word_1_376' title='bbox 715 3871 755 3928; x_wconf 77' lang='lat' dir='ltr'>x,</span> <span class='ocrx_word' id='word_1_377' title='bbox 769 3877 814 3924; x_wconf 71' lang='lat' dir='ltr'>att</span> <span class='ocrx_word' id='word_1_378' title='bbox 859 3869 922 3926; x_wconf 84' lang='lat' dir='ltr'>vlt,</span> <span class='ocrx_word' id='word_1_379' title='bbox 935 3868 968 3915; x_wconf 85' lang='lat'>65</span> <span class='ocrx_word' id='word_1_380' title='bbox 981 3876 1004 3914; x_wconf 93' lang='lat' dir='ltr'>et</span> <span class='ocrx_word' id='word_1_381' title='bbox 1015 3867 1064 3930; x_wconf 70' lang='lat'>69,</span> <span class='ocrx_word' id='word_1_382' title='bbox 1075 3869 1166 3932; x_wconf 82' lang='lat' dir='ltr'>Koppe</span> <span class='ocrx_word' id='word_1_383' title='bbox 1176 3867 1207 3916; x_wconf 81' lang='lat' dir='ltr'>ad</span> <span class='ocrx_word' id='word_1_384' title='bbox 1220 3869 1292 3918; x_wconf 79' lang='lat' dir='ltr'>Pauli</span> <span class='ocrx_word' id='word_1_385' title='bbox 1299 3871 1373 3934; x_wconf 70' lang='lat' dir='ltr'>Epist</span> 
     </span>
     <span class='ocr_line' id='line_1_39' title="bbox 299 3946 1118 4015; baseline 0.001 -21"><span class='ocrx_word' id='word_1_386' title='bbox 299 3947 401 3994; x_wconf 68' lang='lat' dir='ltr'>&#39;Kasten</span> <span class='ocrx_word' id='word_1_387' title='bbox 412 3948 577 4015; x_wconf 79' lang='lat' dir='ltr'>adAristoph.</span> <span class='ocrx_word' id='word_1_388' title='bbox 587 3948 738 4014; x_wconf 83' lang='lat' dir='ltr'>Thesmoph.</span> <span class='ocrx_word' id='word_1_389' title='bbox 751 3949 814 4006; x_wconf 74' lang='lat'>5643</span> <span class='ocrx_word' id='word_1_390' title='bbox 859 3946 890 3995; x_wconf 85' lang='lat' dir='ltr'>ad</span> <span class='ocrx_word' id='word_1_391' title='bbox 902 3949 974 3994; x_wconf 83' lang='lat' dir='ltr'>Rom.</span> <span class='ocrx_word' id='word_1_392' title='bbox 984 3949 1009 4005; x_wconf 87' lang='lat'>1,</span> <span class='ocrx_word' id='word_1_393' title='bbox 1021 3948 1063 4003; x_wconf 80' lang='grc' dir='ltr'>οδ,</span> <span class='ocrx_word' id='word_1_394' title='bbox 1076 3963 1118 4008; x_wconf 80' lang='lat'>²7·</span> 
     </span>
     <span class='ocr_line' id='line_1_40' title="bbox 302 4020 1373 4092; baseline 0.004 -22"><span class='ocrx_word' id='word_1_395' title='bbox 302 4025 426 4086; x_wconf 77' lang='lat' dir='ltr'>Musgtav.</span> <span class='ocrx_word' id='word_1_396' title='bbox 435 4038 460 4074; x_wconf 88' lang='lat' dir='ltr'>et</span> <span class='ocrx_word' id='word_1_397' title='bbox 468 4029 603 4092; x_wconf 81' lang='lat' dir='ltr'>lloepfuer.</span> <span class='ocrx_word' id='word_1_398' title='bbox 611 4029 642 4076; x_wconf 90' lang='lat' dir='ltr'>ad</span> <span class='ocrx_word' id='word_1_399' title='bbox 652 4029 737 4092; x_wconf 81' lang='lat' dir='ltr'>Enrip.</span> <span class='ocrx_word' id='word_1_400' title='bbox 746 4027 815 4092; x_wconf 72' lang='lat' dir='ltr'>cyct</span> <span class='ocrx_word' id='word_1_401' title='bbox 895 4020 907 4059; x_wconf 82' lang='lat'>³</span> <span class='ocrx_word' id='word_1_402' title='bbox 925 4025 996 4074; x_wconf 73' lang='lat' dir='ltr'>Cous.</span> <span class='ocrx_word' id='word_1_403' title='bbox 1007 4027 1084 4084; x_wconf 86' lang='lat' dir='ltr'>vttl,</span> <span class='ocrx_word' id='word_1_404' title='bbox 1096 4033 1145 4089; x_wconf 69' lang='lat'>149</span> <span class='ocrx_word' id='word_1_405' title='bbox 1153 4042 1160 4081; x_wconf 78' lang='lat' dir='ltr'>t</span> <span class='ocrx_word' id='word_1_406' title='bbox 1168 4026 1257 4074; x_wconf 67' lang='lat' dir='ltr'>Mittil·</span> <span class='ocrx_word' id='word_1_407' title='bbox 1269 4029 1297 4087; x_wconf 91' lang='lat'>1,</span> <span class='ocrx_word' id='word_1_408' title='bbox 1310 4028 1373 4084; x_wconf 72' lang='lat'>2³33</span> 
     </span>
     <span class='ocr_line' id='line_1_41' title="bbox 302 4103 1375 4170; baseline 0.005 -23"><span class='ocrx_word' id='word_1_409' title='bbox 302 4115 339 4148; x_wconf 82' lang='lat' dir='ltr'>vs.</span> <span class='ocrx_word' id='word_1_410' title='bbox 350 4103 409 4156; x_wconf 65' lang='lat'>438.</span> <span class='ocrx_word' id='word_1_411' title='bbox 859 4105 1003 4169; x_wconf 76' lang='lat' dir='ltr'>Zinzerling.</span> <span class='ocrx_word' id='word_1_412' title='bbox 1014 4105 1098 4154; x_wconf 88' lang='lat' dir='ltr'>Critic.</span> <span class='ocrx_word' id='word_1_413' title='bbox 1109 4105 1213 4166; x_wconf 78' lang='lat' dir='ltr'>juvenii·</span> <span class='ocrx_word' id='word_1_414' title='bbox 1229 4123 1256 4170; x_wconf 88' lang='lat' dir='ltr'>p.</span> <span class='ocrx_word' id='word_1_415' title='bbox 1269 4121 1337 4170; x_wconf 81' lang='lat' dir='ltr'>noa,</span> <span class='ocrx_word' id='word_1_416' title='bbox 1351 4117 1375 4154; x_wconf 86' lang='lat' dir='ltr'>et</span> 
     </span>
     <span class='ocr_line' id='line_1_42' title="bbox 337 4180 1279 4248; baseline 0 -17"><span class='ocrx_word' id='word_1_417' title='bbox 337 4185 349 4212; x_wconf 89' lang='lat'><strong>¹</strong></span> <span class='ocrx_word' id='word_1_418' title='bbox 367 4180 438 4231; x_wconf 72' lang='lat' dir='ltr'>eunt.</span> <span class='ocrx_word' id='word_1_419' title='bbox 450 4182 482 4230; x_wconf 84' lang='lat' dir='ltr'>ad</span> <span class='ocrx_word' id='word_1_420' title='bbox 491 4199 527 4232; x_wconf 86' lang='lat' dir='ltr'>vs.</span> <span class='ocrx_word' id='word_1_421' title='bbox 539 4187 601 4246; x_wconf 75' lang='lat'>3223</span> <span class='ocrx_word' id='word_1_422' title='bbox 612 4187 708 4237; x_wconf 70' lang='lat' dir='ltr'>Pbaedr.</span> <span class='ocrx_word' id='word_1_423' title='bbox 717 4187 763 4248; x_wconf 79' lang='lat' dir='ltr'>tv,</span> <span class='ocrx_word' id='word_1_424' title='bbox 774 4194 815 4248; x_wconf 62' lang='grc' dir='ltr'>ιο,</span> <span class='ocrx_word' id='word_1_425' title='bbox 859 4185 944 4236; x_wconf 83' lang='lat' dir='ltr'>Heins.</span> <span class='ocrx_word' id='word_1_426' title='bbox 954 4183 986 4234; x_wconf 84' lang='lat' dir='ltr'>ad</span> <span class='ocrx_word' id='word_1_427' title='bbox 999 4183 1073 4234; x_wconf 82' lang='lat' dir='ltr'>ovid.</span> <span class='ocrx_word' id='word_1_428' title='bbox 1085 4186 1151 4234; x_wconf 79' lang='lat' dir='ltr'>Fast.</span> <span class='ocrx_word' id='word_1_429' title='bbox 1161 4186 1208 4247; x_wconf 69' lang='lat' dir='ltr'>tt,</span> <span class='ocrx_word' id='word_1_430' title='bbox 1220 4185 1279 4234; x_wconf 80' lang='lat'>885.</span> 
     </span>
    </p>
   </div>
   <div class='ocr_carea' id='block_1_15' title="bbox 0 0 1534 4986">
    <p class='ocr_par' dir='ltr' id='par_1_15' title="bbox 0 0 1534 4986">
     <span class='ocr_line' id='line_1_43' title="bbox 0 0 1534 4986; baseline 0 0"><span class='ocrx_word' id='word_1_431' title='bbox 0 0 1534 4986; x_wconf 95' lang='lat' dir='ltr'> </span> 
     </span>
    </p>
   </div>
  </div>
 </body>
</html>
