3130 4986
342 433 403 522 178
485 429 656 496 VARIAE
686 430 981 497 LECTIONES
1010 432 1073 496 ET
1102 381 1258 500 NO'lAE

372 547 440 603 Nor.
461 546 504 600 ⁵3.
520 547 602 600 Carne
615 557 641 598 et
653 559 775 618 acceptus
790 547 839 602 erit
852 545 979 600 scelerato
995 546 1066 612 viro,
1081 546 1166 618 qualia
1184 554 1269 602 Vener
1283 551 1351 617 suit,
1365 551 1413 623 qui

336 630 435 683 nefaria
449 632 504 703 ejus
517 627 625 682 concilia
642 647 673 683 ac
694 629 811 683 facinora
829 629 949 695 noverit,
971 629 1071 702 quique
1088 630 1155 684 adeo
1168 635 1262 704 quovis
1277 647 1414 706 tempore,

335 731 389 784 quo
400 713 473 775 vult,
491 728 551 764 eum
567 729 689 764 accurare
701 723 805 782 potest:
819 712 885 784 quin
898 730 1007 766 munera
1024 713 1058 764 ab
1076 731 1109 765 eo
1127 715 1253 788 accipiet,
1272 731 1301 770 ut
1316 729 1410 772 taceat.

336 795 435 849 Confer
445 793 530 850 Taciti
540 795 667 856 Annales,
677 795 717 847 VI
726 837 734 860 ,
749 802 764 858 4
775 837 782 862 ,
797 809 823 848 et
836 795 990 868 interpretes
1002 798 1134 851 Ammiani
1143 799 1260 856 Marcell,
1271 802 1412 870 XXVIII,

336 884 368 946 6,
383 899 426 934 ao.

369 975 454 1026 Αιιιι.
475 969 588 1041 54-57.
604 971 713 1045 Sapiens
726 988 760 1025 ne
772 974 995 1045 amplissimorum
1009 973 1117 1048 quidem
1127 979 1284 1044 premiorum
1297 979 1410 1033 cummi·

334 1077 385 1130 que
397 1057 466 1110 lucri
477 1075 551 1130 σρειιι
566 1055 616 1110 eibi
627 1056 742 1110 oblatam
754 1060 819 1108 tanti
829 1058 924 1123 faciet,
938 1069 968 1110 ut
978 1058 1147 1112 scelestorum
1159 1060 1270 1133 alicujus
1284 1063 1410 1116 coneilio·

333 1160 394 1195 rum
411 1153 625 1212 secretorumque
637 1141 769 1212 particeps
780 1141 840 1206 fiat,
860 1140 1000 1194 etidcirco
1017 1159 1121 1214 temper
1135 1145 1210 1194 tristis
1222 1145 1273 1210 ait,
1286 1144 1339 1198 hoc
1354 1155 1411 1212 eet,

333 1223 508 1278 sollicitudine
526 1235 552 1276 et
565 1223 636 1276 curia
650 1235 775 1294 angatur,
788 1223 885 1294 quibua
901 1242 935 1276 ne
950 1241 998 1295 per
1012 1243 1122 1274 sommam
1138 1225 1247 1297 quidem
1258 1245 1359 1280 vacuus
1378 1228 1413 1281 eit

333 1309 450 1372 animur,
461 1307 586 1380 quoniam
597 1317 726 1379 perpetuo
737 1305 882 1360 verendum
893 1319 948 1373 eat,
962 1325 996 1359 ne
1007 1323 1101 1358 arcana
1114 1306 1298 1379 divulgantur,
1311 1321 1338 1362 et
1353 1310 1411 1382 ipee

332 1411 440 1465 quoque
457 1389 617 1462 supplicium
635 1389 736 1454 solvat,
756 1390 799 1442 vel
816 1388 882 1441 adeo
896 1393 928 1439 ab
941 1392 1021 1440 amico
1034 1407 1139 1457 niagno,
1154 1403 1261 1463 potente
1272 1393 1317 1446 vel
1328 1393 1412 1446 divite

333 1476 400 1546 (vid.
411 1474 445 1528 ad
456 1475 485 1539 l,
500 1473 551 1540 ³3;
566 1484 592 1526 et
599 1473 658 1539 vl,
674 1471 751 1541 313),
765 1473 812 1544 qui
824 1471 942 1524 coutcioa
956 1473 1037 1534 timet,
1051 1472 1195 1527 occidatur.

368 1565 437 1618 Nor.
451 1563 493 1618 55.
507 1568 587 1632 Tagus
596 1561 692 1630 (hodie
704 1564 765 1630 Tajo
774 1581 821 1615 aen
834 1563 915 1631 Tqb),
925 1560 1020 1616 fluvius
1029 1562 1172 1636 Hispaniae,
1182 1557 1348 1640 χμηρῥόις,
1360 1569 1408 1638 qui

333 1652 358 1699 in
376 1667 443 1699 marc
456 1647 615 1698 Atlanticum
632 1643 734 1712 influit,
752 1644 871 1716 adeoque
888 1663 975 1696 aunem
992 1646 1084 1704 volvit,
1105 1657 1130 1697 et
1141 1646 1168 1698 in
1181 1666 1235 1718 quo
1245 1648 1323 1700 etiam
1336 1667 1409 1702 nunc

332 1750 387 1784 non
396 1749 479 1782 amnoe
491 1728 615 1801 quidem,
627 1727 674 1782 ced
687 1729 789 1782 nummi
799 1741 885 1780 tamen
900 1740 926 1780 et
937 1727 1037 1799 globuli
1048 1731 1126 1790 ornei,
1138 1730 1303 1803 aliorumque
1314 1733 1407 1784 metal-

333 1813 419 1869 lorum
432 1826 518 1885 parter
531 1811 709 1882 reperiuntur.
729 1842 764 1852 -
783 1813 875 1878 opaci,
891 1809 1025 1874 umbrosi,
1039 1811 1139 1866 umbrie
1151 1813 1275 1866 arborum
1289 1815 1406 1868 obacuri.

333 1896 432 1950 Confer
444 1895 608 1961 Martialem,
622 1895 655 1960 1,
671 1895 723 1960 50,
739 1897 770 1946 16
780 1935 788 1961 ,
800 1894 847 1966 qui
860 1894 917 1966 ipae
929 1893 1063 1965 pranus
1075 1894 1133 1948 suit.

367 2057 436 2106 Vin.
456 2055 498 2104 56.
514 2055 546 2102 Ut
556 2070 642 2102 carcar
654 2071 752 2114 somno,
768 2071 810 2102 aa.
821 2081 856 2091 -
866 2054 1039 2120 Homndaque
1049 2054 1153 2121 proemia
1168 2057 1233 2117 conj.
1247 2056 1376 2105 Schrader.

364 2147 435 2201 Nor.
457 2147 500 2200 56.
516 2149 623 2198 Praemia
639 2146 778 2218 ponenda,
801 2165 859 2218 quae
873 2147 906 2199 ab
919 2148 1005 2200 arnico
1018 2146 1206 2218 proponenda,
1224 2145 1406 2200 constituenda

330 2231 371 2294 (ut
379 2226 425 2280 Gr.
440 2221 539 2280 rtfft‘m
552 2217 662 2295 ι’ίιθλι),
676 2223 851 2296 promittenda
859 2237 937 2288 aunt,
950 2237 979 2276 ut
986 2225 1018 2279 ad
1026 2225 1177 2278 societatem
1188 2226 1294 2280 ecelcrit
1304 2243 1366 2278 cum
1375 2243 1409 2275 eo

331 2309 476 2363 coeundam
491 2323 516 2364 te
529 2301 660 2382 pelliciat,
675 2320 705 2362 ut
718 2307 794 2378 apud
801 2307 962 2379 Virgilium,
978 2307 1084 2360 AEneid.
1095 2309 1131 2374 V,
1148 2326 1214 2376 ²9¹2

548 2405 635 2450 lnritat
646 2403 731 2464 pretiis
742 2403 845 2458 anianus,
860 2413 884 2448 et
895 2403 992 2464 praemia
1004 2404 1090 2466 ponit3

330 2505 356 2546 et
368 2494 434 2558 4863
449 2493 500 2544 niai
514 2493 589 2545 malie
601 2501 733 2563 exponere
744 2509 805 2543 cum
821 2490 897 2544 aliia:
914 2490 1088 2564 deponenda,
1109 2491 1161 2544 hoc
1174 2504 1228 2555 eat,
1245 2493 1409 2565 abjicienda,

330 2574 493 2647 spernenda,
508 2573 652 2628 recusanda
665 2611 673 2636 ,
686 2591 739 2625 non
752 2573 897 2638 aumeuda;
920 2593 980 2626 nam
999 2591 1060 2627 cum
1075 2593 1169 2626 sumere
1181 2575 1317 2647 jungitur,
1331 2576 1411 2648 eique

329 2658 480 2729 opponitur.
493 2658 560 2722 Qun
572 2668 663 2730 postea
682 2657 783 2726 cogaris
804 2657 828 2708 ei
847 2655 958 2708 reddere
969 2676 977 2720 ;
992 2656 1110 2708 Britann.
1123 2657 1189 2720 Quae
1199 2657 1283 2710 serius
1291 2657 1412 2724 ociuave,

330 2753 401 2794 certe
417 2759 477 2794 cum
497 2742 565 2803 vita,
584 2741 736 2812 relinquere
751 2740 871 2810 cogaria3
890 2742 1030 2791 Achaiam.
1047 2743 1168 2791 Heinecle
1183 2740 1240 2794 hec
1254 2740 1412 2795 adnotavit:

329 2827 528 2897 «Quocumque
546 2825 626 2878 modo
648 2824 729 2878 verba
748 2823 879 2894 accipias,
901 2823 1013 2877 ridicula
1035 2825 1126 2878 hercle
1146 2827 1272 2878 sententia
1294 2826 1409 2898 prodit:

329 2909 442 2962 maxima
452 2909 560 2979 praemia
573 2925 607 2960 ne
617 2919 642 2960 te
651 2918 852 2966 commoveant,
864 2917 894 2957 ut
904 2908 1013 2977 praemia
1023 2909 1146 2980 accipias.
1159 2909 1222 2961 Haec
1232 2921 1284 2960 tam
1296 2909 1410 2962 absurda

330 2992 457 3057 evitabit,
472 2992 495 3043 ai
502 2995 608 3058 premia
618 2993 736 3058 ponenda
746 3006 852 3041 mecum
863 2990 979 3060 explicet
991 3008 998 3043 :
1012 2991 1121 3062 premia
1131 3030 1139 3056 ,
1151 3009 1210 3062 que
1221 3009 1331 3062 maguus
1341 2993 1412 3044 ami·

329 3090 376 3126 cua
388 3074 495 3127 conscio
505 3073 567 3139 dat,
584 3085 612 3126 ut
625 3073 682 3127 aliia
696 3083 828 3146 proponat
839 3071 874 3124 ad
889 3073 975 3126 acelua
987 3073 1095 3145 aliquod
1107 3073 1307 3145 perficiendum.
1318 3100 1329 3120 ·
1341 3076 1410 3140 Qun

329 3156 352 3208 ai
363 3155 518 3210 excidissent
526 3155 593 3208 mihi
603 3197 611 3222 ,
623 3157 721 3210 iterum
730 3155 840 3234 dixisset
851 3173 858 3208 ε
871 3175 936 3210 cave
947 3156 995 3209 tibi
1009 3159 1044 3209 ab
1056 3157 1106 3210 hac
1117 3157 1331 3229 interpretatione
1343 3177 1410 3212 oon·

249 3249 253 3258 ‘
330 3253 406 3294 torta.
418 3239 512 3312 Neque
521 3238 635 3294 absurda
648 3251 727 3306 aunt,
741 3257 802 3312 qun
811 3239 857 3292 alii
871 3239 913 3293 hia
925 3240 1014 3296 verbio
1025 3239 1137 3312 exprimi
1146 3253 1248 3312 putant.

365 3401 434 3449 Vua.
453 3399 494 3460 57.
509 3397 631 3456 Tenean's,
649 3407 691 3456 at.
702 3399 829 3463 Metuaris,
845 3416 884 3448 11.
901 3372 1023 3459 Vereins,
1039 3418 1081 3451 aa.

365 3495 432 3542 ven.
451 3493 494 3540 5⁸.
508 3495 570 3557 Qua
582 3508 676 3540 non-
687 3494 849 3556 nutriam,
865 3498 914 3552 46,
930 3504 972 3556 47,
988 3498 1037 3554 48,
1052 3498 1101 3557 54,
1116 3498 1158 3546 st.
1270 3513 1272 3520 ’

364 3584 434 3638 Nor.
455 3583 498 3638 5⁸.
513 3587 701 3653 Acceptisaima,
713 3587 867 3656 peuaaima.
877 3589 1001 3650 -Gens,
1014 3588 1114 3642 scilicet
1127 3589 1226 3644 Greca.

364 3679 434 3732 Nor.
447 3683 490 3732 60.
502 3684 555 3731 Nec
560 3685 641 3749 pudor
646 3684 764 3743 obstabit,
776 3682 823 3735 etai
832 3702 864 3735 ne
871 3683 928 3735 aine
936 3681 1039 3755 pudore
1048 3683 1155 3756 quidem
1164 3683 1257 3738 dehoc
1266 3683 1406 3740 hominum

330 3781 425 3834 genere
440 3762 526 3833 loqui,
543 3775 569 3814 et
584 3765 661 3835 quale
676 3763 710 3817 ait
726 3763 814 3818 dicere
827 3765 935 3836 poesim,
946 3795 983 3806 —-
994 3769 1112 3834 Quln'tes,
1127 3768 1198 3822 cives
1208 3767 1336 3836 Romani,
1351 3787 1407 3840 quo

250 3905 254 3914 Ι
330 3846 437 3898 nomine
447 3855 524 3916 poeta
539 3862 591 3896 non
605 3857 657 3898 tam
672 3865 736 3900 naua
745 3859 783 3902 eat
793 3865 866 3899 more
877 3865 968 3902 eorum
979 3888 987 3915 ‚
999 3849 1046 3920 qui
1056 3849 1083 3900 in
1093 3849 1255 3902 orationibus
1270 3849 1304 3902 ad
1316 3869 1407 3922 popu-

331 3925 386 3982 lom
396 3925 524 3980 habendi·
536 3945 595 3980 eum
605 3928 641 3982 ita
653 3929 834 4001 alloquuntur,
845 3949 924 4002 quem
934 3931 997 4003 quia
1008 3935 1108 3992 Groecis,
1122 3931 1173 3985 hoc
1183 3933 1254 3997 loco,
1266 3933 1308 3985 vel
1316 3933 1406 4005 potius

332 4007 471 4074 Romanu,
492 4009 645 4062 Graecorum
666 4011 720 4064 ritu
741 4012 907 4072 viventibus,
933 4027 1159 4086 opponuntau.-
1175 4017 1285 4066 Graecam
1307 4019 1406 4077 nmen,

331 4089 441 4141 Romam
451 4128 458 4154 ,
468 4107 527 4162 quta
536 4091 688 4145 Grecomm
698 4112 768 4147 nunc
778 4095 865 4166 lingna
873 4133 880 4157 ,
888 4097 1017 4164 moribus,
1027 4109 1113 4169 gustu,
1124 4098 1238 4164 luxuria,
1248 4099 1332 4164 cultu,
1340 4097 1406 4150 deli·

260 4174 265 4188 “
330 4170 473 4238 cinnano
483 4173 606 4246 vitiisque
615 4189 795 4249 corruptaett,
805 4179 949 4251 etapriaca
958 4179 1404 4254 virtutedegeneravit,cujntcivea
