<?xml version="1.0" encoding="UTF-8"?>
<!DOCTYPE html PUBLIC "-//W3C//DTD XHTML 1.0 Transitional//EN"
    "http://www.w3.org/TR/xhtml1/DTD/xhtml1-transitional.dtd">
<html xmlns="http://www.w3.org/1999/xhtml" xml:lang="en" lang="en">
 <head>
  <title>
</title>
<meta http-equiv="Content-Type" content="text/html;charset=utf-8" />
  <meta name='ocr-system' content='tesseract 3.04.00' />
  <meta name='ocr-capabilities' content='ocr_page ocr_carea ocr_par ocr_line ocrx_word'/>
</head>
<body>
  <div class='ocr_page' id='page_1' title='image "./sexdecimsatir01lemagoog_0585.png"; bbox 0 0 3134 4990; ppageno 0'>
   <div class='ocr_carea' id='block_1_1' title="bbox 322 459 1239 532">
    <p class='ocr_par' dir='ltr' id='par_1_1' title="bbox 322 459 1239 532">
     <span class='ocr_line' id='line_1_1' title="bbox 322 459 1239 532; baseline 0.002 -4"><span class='ocrx_word' id='word_1_1' title='bbox 322 459 388 528; x_wconf 78' lang='grc'>566</span> <span class='ocrx_word' id='word_1_2' title='bbox 482 463 654 532; x_wconf 78' lang='lat' dir='ltr'>VARIAE</span> <span class='ocrx_word' id='word_1_3' title='bbox 676 461 1062 530; x_wconf 82' lang='lat' dir='ltr'><strong>LECTIONES&#39;ET</strong></span> <span class='ocrx_word' id='word_1_4' title='bbox 1086 461 1239 531; x_wconf 81' lang='lat' dir='ltr'><strong>NOTAE</strong></span> 
     </span>
    </p>
   </div>
   <div class='ocr_carea' id='block_1_2' title="bbox 320 579 1409 1645">
    <p class='ocr_par' dir='ltr' id='par_1_2' title="bbox 320 579 1409 1645">
     <span class='ocr_line' id='line_1_2' title="bbox 321 579 1403 649; baseline -0.005 -16"><span class='ocrx_word' id='word_1_5' title='bbox 321 587 441 646; x_wconf 79' lang='lat' dir='ltr'>ceperant</span> <span class='ocrx_word' id='word_1_6' title='bbox 449 581 575 648; x_wconf 72' lang='lat' dir='ltr'>mutas,</span> <span class='ocrx_word' id='word_1_7' title='bbox 587 591 613 631; x_wconf 88' lang='lat' dir='ltr'>et</span> <span class='ocrx_word' id='word_1_8' title='bbox 622 593 793 649; x_wconf 82' lang='lat' dir='ltr'>exposuerunt</span> <span class='ocrx_word' id='word_1_9' title='bbox 799 581 890 648; x_wconf 77' lang='lat' dir='ltr'>pictas.</span> <span class='ocrx_word' id='word_1_10' title='bbox 904 582 978 633; x_wconf 68' lang='lat' dir='ltr'>mnf.</span> <span class='ocrx_word' id='word_1_11' title='bbox 989 582 1093 632; x_wconf 81' lang='lat' dir='ltr'>Cassnb.</span> <span class='ocrx_word' id='word_1_12' title='bbox 1103 581 1137 630; x_wconf 86' lang='lat' dir='ltr'>sd</span> <span class='ocrx_word' id='word_1_13' title='bbox 1144 579 1274 646; x_wconf 83' lang='lat' dir='ltr'>Theopbr.</span> <span class='ocrx_word' id='word_1_14' title='bbox 1282 595 1308 646; x_wconf 85' lang='lat' dir='ltr'>p.</span> <span class='ocrx_word' id='word_1_15' title='bbox 1320 582 1378 643; x_wconf 75' lang='lat'>¹73.</span> <span class='ocrx_word' id='word_1_16' title='bbox 1386 601 1403 628; x_wconf 75' lang='lat' dir='ltr'>s</span> 
     </span>
     <span class='ocr_line' id='line_1_3' title="bbox 320 663 1400 732; baseline -0.001 -19"><span class='ocrx_word' id='word_1_17' title='bbox 320 664 369 714; x_wconf 81' lang='lat' dir='ltr'>Sed</span> <span class='ocrx_word' id='word_1_18' title='bbox 382 664 523 724; x_wconf 80' lang='lat' dir='ltr'>maculosas</span> <span class='ocrx_word' id='word_1_19' title='bbox 535 665 664 732; x_wconf 71' lang='lat' dir='ltr'>ingeniose</span> <span class='ocrx_word' id='word_1_20' title='bbox 676 667 955 718; x_wconf 78' lang='lat' dir='ltr'>emendavitlieinricb.</span> <span class='ocrx_word' id='word_1_21' title='bbox 963 668 1034 728; x_wconf 82' lang='lat' dir='ltr'>onius</span> <span class='ocrx_word' id='word_1_22' title='bbox 1043 665 1170 730; x_wconf 74' lang='lat' dir='ltr'>annotatio</span> <span class='ocrx_word' id='word_1_23' title='bbox 1182 676 1235 714; x_wconf 80' lang='lat' dir='ltr'>este</span> <span class='ocrx_word' id='word_1_24' title='bbox 1248 687 1263 708; x_wconf 82' lang='grc' dir='ltr'>ι</span> <span class='ocrx_word' id='word_1_25' title='bbox 1271 663 1356 712; x_wconf 75' lang='lat' dir='ltr'>suen</span> <span class='ocrx_word' id='word_1_26' title='bbox 1365 664 1400 712; x_wconf 84' lang='lat' dir='ltr'>ab</span> 
     </span>
     <span class='ocr_line' id='line_1_4' title="bbox 320 746 1400 817; baseline 0.003 -23"><span class='ocrx_word' id='word_1_27' title='bbox 320 761 348 794; x_wconf 87' lang='lat' dir='ltr'>rs</span> <span class='ocrx_word' id='word_1_28' title='bbox 358 746 468 812; x_wconf 81' lang='lat' dir='ltr'>vulgata,</span> <span class='ocrx_word' id='word_1_29' title='bbox 481 757 506 796; x_wconf 87' lang='lat' dir='ltr'>et</span> <span class='ocrx_word' id='word_1_30' title='bbox 516 749 667 816; x_wconf 73' lang='lat' dir='ltr'>Membris,</span> <span class='ocrx_word' id='word_1_31' title='bbox 679 751 738 816; x_wconf 82' lang='lat' dir='ltr'>quis</span> <span class='ocrx_word' id='word_1_32' title='bbox 746 761 866 817; x_wconf 83' lang='lat' dir='ltr'>patronus</span> <span class='ocrx_word' id='word_1_33' title='bbox 875 751 919 799; x_wconf 88' lang='lat' dir='ltr'>hic</span> <span class='ocrx_word' id='word_1_34' title='bbox 929 760 1014 799; x_wconf 84' lang='lat' dir='ltr'>noster</span> <span class='ocrx_word' id='word_1_35' title='bbox 1024 748 1176 812; x_wconf 80' lang='lat' dir='ltr'>commodat,</span> <span class='ocrx_word' id='word_1_36' title='bbox 1189 748 1222 798; x_wconf 84' lang='lat' dir='ltr'>ad</span> <span class='ocrx_word' id='word_1_37' title='bbox 1232 747 1400 808; x_wconf 61' lang='lat' dir='ltr'>recitandum</span> 
     </span>
     <span class='ocr_line' id='line_1_5' title="bbox 320 824 1402 900; baseline 0.001 -22"><span class='ocrx_word' id='word_1_38' title='bbox 320 824 426 879; x_wconf 86' lang='lat' dir='ltr'>honoris</span> <span class='ocrx_word' id='word_1_39' title='bbox 439 847 537 894; x_wconf 78' lang='lat' dir='ltr'>caussa,</span> <span class='ocrx_word' id='word_1_40' title='bbox 550 833 681 897; x_wconf 87' lang='lat' dir='ltr'>concedit,</span> <span class='ocrx_word' id='word_1_41' title='bbox 694 835 758 884; x_wconf 72' lang='lat' dir='ltr'>edes</span> <span class='ocrx_word' id='word_1_42' title='bbox 769 851 826 884; x_wconf 82' lang='lat' dir='ltr'>suas</span> <span class='ocrx_word' id='word_1_43' title='bbox 836 834 928 900; x_wconf 86' lang='lat' dir='ltr'>ipsius,</span> <span class='ocrx_word' id='word_1_44' title='bbox 938 847 992 883; x_wconf 91' lang='lat' dir='ltr'>nou</span> <span class='ocrx_word' id='word_1_45' title='bbox 1003 824 1121 882; x_wconf 79' lang='lat' dir='ltr'>conducit</span> <span class='ocrx_word' id='word_1_46' title='bbox 1133 832 1240 892; x_wconf 68' lang='lat' dir='ltr'>alienun</span> <span class='ocrx_word' id='word_1_47' title='bbox 1253 841 1279 881; x_wconf 89' lang='lat' dir='ltr'>et</span> <span class='ocrx_word' id='word_1_48' title='bbox 1290 831 1402 880; x_wconf 74' lang='lat' dir='ltr'>limiu-</span> 
     </span>
     <span class='ocr_line' id='line_1_6' title="bbox 321 913 1405 985; baseline 0.001 -22"><span class='ocrx_word' id='word_1_49' title='bbox 321 931 383 973; x_wconf 69' lang='lat' dir='ltr'>nunc</span> <span class='ocrx_word' id='word_1_50' title='bbox 401 932 460 964; x_wconf 87' lang='lat' dir='ltr'>nsm</span> <span class='ocrx_word' id='word_1_51' title='bbox 477 933 555 982; x_wconf 80' lang='lat' dir='ltr'>quum</span> <span class='ocrx_word' id='word_1_52' title='bbox 570 921 723 984; x_wconf 74' lang='lat' dir='ltr'>praeoessurit</span> <span class='ocrx_word' id='word_1_53' title='bbox 733 921 804 985; x_wconf 86' lang='lat' dir='ltr'>lpse,</span> <span class='ocrx_word' id='word_1_54' title='bbox 819 932 870 985; x_wconf 87' lang='lat' dir='ltr'>quo</span> <span class='ocrx_word' id='word_1_55' title='bbox 882 918 942 977; x_wconf 78' lang='lat' dir='ltr'>istu,</span> <span class='ocrx_word' id='word_1_56' title='bbox 956 933 1027 984; x_wconf 81' lang='lat' dir='ltr'>quem</span> <span class='ocrx_word' id='word_1_57' title='bbox 1038 917 1115 979; x_wconf 74' lang='lat' dir='ltr'>cous,</span> <span class='ocrx_word' id='word_1_58' title='bbox 1128 917 1187 966; x_wconf 80' lang='lat' dir='ltr'>satis</span> <span class='ocrx_word' id='word_1_59' title='bbox 1200 917 1312 983; x_wconf 71' lang='lat' dir='ltr'>signatus</span> <span class='ocrx_word' id='word_1_60' title='bbox 1323 913 1405 964; x_wconf 82' lang='lat' dir='ltr'>videri</span> 
     </span>
     <span class='ocr_line' id='line_1_7' title="bbox 322 996 1406 1069; baseline 0 -23"><span class='ocrx_word' id='word_1_61' title='bbox 322 996 409 1060; x_wconf 86' lang='lat' dir='ltr'>debet,</span> <span class='ocrx_word' id='word_1_62' title='bbox 422 1000 505 1065; x_wconf 83' lang='lat' dir='ltr'>ipsum</span> <span class='ocrx_word' id='word_1_63' title='bbox 515 1001 620 1052; x_wconf 78' lang='lat' dir='ltr'>fautoris</span> <span class='ocrx_word' id='word_1_64' title='bbox 630 1019 725 1053; x_wconf 87' lang='lat' dir='ltr'>nomen</span> <span class='ocrx_word' id='word_1_65' title='bbox 735 1013 785 1052; x_wconf 85' lang='lat' dir='ltr'>tam</span> <span class='ocrx_word' id='word_1_66' title='bbox 795 1019 852 1053; x_wconf 84' lang='lat' dir='ltr'>sero</span> <span class='ocrx_word' id='word_1_67' title='bbox 862 1003 972 1069; x_wconf 80' lang='lat' dir='ltr'>positum</span> <span class='ocrx_word' id='word_1_68' title='bbox 982 1002 1077 1067; x_wconf 85' lang='lat' dir='ltr'>aliquid</span> <span class='ocrx_word' id='word_1_69' title='bbox 1090 999 1170 1066; x_wconf 85' lang='lat' dir='ltr'>inepti</span> <span class='ocrx_word' id='word_1_70' title='bbox 1182 999 1275 1051; x_wconf 76' lang='lat' dir='ltr'>hebete</span> <span class='ocrx_word' id='word_1_71' title='bbox 1291 999 1355 1050; x_wconf 85' lang='lat' dir='ltr'>nolo</span> <span class='ocrx_word' id='word_1_72' title='bbox 1366 998 1406 1046; x_wconf 89' lang='lat' dir='ltr'>di·</span> 
     </span>
     <span class='ocr_line' id='line_1_8' title="bbox 321 1084 1406 1154; baseline 0.002 -22"><span class='ocrx_word' id='word_1_73' title='bbox 321 1097 390 1144; x_wconf 84' lang='lat' dir='ltr'>cere,</span> <span class='ocrx_word' id='word_1_74' title='bbox 402 1084 475 1150; x_wconf 78' lang='lat' dir='ltr'>plene</span> <span class='ocrx_word' id='word_1_75' title='bbox 489 1101 542 1136; x_wconf 88' lang='lat' dir='ltr'>esse</span> <span class='ocrx_word' id='word_1_76' title='bbox 554 1087 694 1138; x_wconf 83' lang='lat' dir='ltr'>inauditum</span> <span class='ocrx_word' id='word_1_77' title='bbox 706 1088 775 1138; x_wconf 90' lang='lat' dir='ltr'>buno</span> <span class='ocrx_word' id='word_1_78' title='bbox 788 1088 926 1137; x_wconf 81' lang='lat' dir='ltr'>bominem.</span> <span class='ocrx_word' id='word_1_79' title='bbox 944 1089 1025 1154; x_wconf 77' lang='lat' dir='ltr'>Auget</span> <span class='ocrx_word' id='word_1_80' title='bbox 1036 1087 1115 1136; x_wconf 86' lang='lat' dir='ltr'>multo</span> <span class='ocrx_word' id='word_1_81' title='bbox 1127 1087 1207 1152; x_wconf 79' lang='lat' dir='ltr'>magis</span> <span class='ocrx_word' id='word_1_82' title='bbox 1221 1085 1406 1136; x_wconf 78' lang='lat' dir='ltr'>dubitationem</span> 
     </span>
     <span class='ocr_line' id='line_1_9' title="bbox 322 1169 1408 1238; baseline 0.003 -23"><span class='ocrx_word' id='word_1_83' title='bbox 322 1169 483 1218; x_wconf 81' lang='lat' dir='ltr'>membmblle</span> <span class='ocrx_word' id='word_1_84' title='bbox 493 1171 622 1234; x_wconf 85' lang='lat' dir='ltr'>scholion,</span> <span class='ocrx_word' id='word_1_85' title='bbox 637 1173 706 1237; x_wconf 90' lang='lat' dir='ltr'>quod</span> <span class='ocrx_word' id='word_1_86' title='bbox 718 1183 802 1238; x_wconf 78' lang='lat' dir='ltr'>aperte</span> <span class='ocrx_word' id='word_1_87' title='bbox 814 1172 981 1234; x_wconf 87' lang='lat' dir='ltr'>demonstrat,</span> <span class='ocrx_word' id='word_1_88' title='bbox 993 1172 1054 1222; x_wconf 85' lang='lat' dir='ltr'>olim</span> <span class='ocrx_word' id='word_1_89' title='bbox 1069 1171 1127 1232; x_wconf 83' lang='lat' dir='ltr'>bic,</span> <span class='ocrx_word' id='word_1_90' title='bbox 1139 1181 1197 1220; x_wconf 82' lang='lat' dir='ltr'>aute</span> <span class='ocrx_word' id='word_1_91' title='bbox 1209 1171 1314 1232; x_wconf 85' lang='lat' dir='ltr'>ornn&#39;es,</span> <span class='ocrx_word' id='word_1_92' title='bbox 1331 1177 1408 1234; x_wconf 71' lang='lat' dir='ltr'>pum,</span> 
     </span>
     <span class='ocr_line' id='line_1_10' title="bbox 322 1249 1408 1322; baseline -0.001 -22"><span class='ocrx_word' id='word_1_93' title='bbox 322 1250 366 1313; x_wconf 79' lang='lat' dir='ltr'>qui</span> <span class='ocrx_word' id='word_1_94' title='bbox 376 1249 453 1301; x_wconf 80' lang='lat' dir='ltr'>bodie</span> <span class='ocrx_word' id='word_1_95' title='bbox 462 1255 574 1316; x_wconf 69' lang='lat' dir='ltr'>meunt,</span> <span class='ocrx_word' id='word_1_96' title='bbox 583 1255 662 1304; x_wconf 87' lang='lat' dir='ltr'>libros</span> <span class='ocrx_word' id='word_1_97' title='bbox 670 1256 745 1322; x_wconf 78' lang='lat' dir='ltr'>longe</span> <span class='ocrx_word' id='word_1_98' title='bbox 755 1254 877 1304; x_wconf 76' lang='lat' dir='ltr'>divensem</span> <span class='ocrx_word' id='word_1_99' title='bbox 887 1255 1018 1304; x_wconf 84' lang='lat' dir='ltr'>lectionem</span> <span class='ocrx_word' id='word_1_100' title='bbox 1026 1255 1109 1304; x_wconf 84' lang='lat' dir='ltr'>fuisse.</span> <span class='ocrx_word' id='word_1_101' title='bbox 1119 1256 1205 1304; x_wconf 81' lang='lat' dir='ltr'>Priora</span> <span class='ocrx_word' id='word_1_102' title='bbox 1213 1255 1269 1316; x_wconf 77' lang='lat' dir='ltr'>eins</span> <span class='ocrx_word' id='word_1_103' title='bbox 1277 1252 1355 1301; x_wconf 82' lang='lat' dir='ltr'>serbe</span> <span class='ocrx_word' id='word_1_104' title='bbox 1364 1251 1408 1299; x_wconf 88' lang='lat' dir='ltr'>in·</span> 
     </span>
     <span class='ocr_line' id='line_1_11' title="bbox 321 1335 1407 1401; baseline -0.002 -15"><span class='ocrx_word' id='word_1_105' title='bbox 321 1337 428 1401; x_wconf 72' lang='lat' dir='ltr'>tegsitsti</span> <span class='ocrx_word' id='word_1_106' title='bbox 441 1339 477 1387; x_wconf 88' lang='lat' dir='ltr'>sic</span> <span class='ocrx_word' id='word_1_107' title='bbox 489 1339 658 1392; x_wconf 84' lang='lat' dir='ltr'>resu’taends:</span> <span class='ocrx_word' id='word_1_108' title='bbox 672 1340 720 1391; x_wconf 83' lang='lat' dir='ltr'>alii</span> <span class='ocrx_word' id='word_1_109' title='bbox 730 1337 850 1390; x_wconf 80' lang='lat' dir='ltr'>sordidas</span> <span class='ocrx_word' id='word_1_110' title='bbox 862 1338 936 1390; x_wconf 73' lang='lat' dir='ltr'>textis</span> <span class='ocrx_word' id='word_1_111' title='bbox 950 1357 984 1389; x_wconf 90' lang='lat' dir='ltr'>sc.</span> <span class='ocrx_word' id='word_1_112' title='bbox 999 1355 1160 1401; x_wconf 76' lang='lat' dir='ltr'>araneorum,</span> <span class='ocrx_word' id='word_1_113' title='bbox 1171 1337 1223 1388; x_wconf 86' lang='lat' dir='ltr'>nisi</span> <span class='ocrx_word' id='word_1_114' title='bbox 1231 1337 1283 1386; x_wconf 89' lang='lat' dir='ltr'>boc</span> <span class='ocrx_word' id='word_1_115' title='bbox 1291 1351 1349 1386; x_wconf 82' lang='lat' dir='ltr'>voe.</span> <span class='ocrx_word' id='word_1_116' title='bbox 1365 1335 1407 1384; x_wconf 86' lang='lat' dir='ltr'>iu·</span> 
     </span>
     <span class='ocr_line' id='line_1_12' title="bbox 321 1419 1408 1490; baseline -0.001 -21"><span class='ocrx_word' id='word_1_117' title='bbox 321 1419 390 1468; x_wconf 80' lang='lat' dir='ltr'>eurla</span> <span class='ocrx_word' id='word_1_118' title='bbox 402 1421 560 1474; x_wconf 83' lang='lat' dir='ltr'>obliteratum</span> <span class='ocrx_word' id='word_1_119' title='bbox 573 1436 619 1474; x_wconf 83' lang='lat' dir='ltr'>est.</span> <span class='ocrx_word' id='word_1_120' title='bbox 631 1428 717 1490; x_wconf 86' lang='lat' dir='ltr'>Itaque</span> <span class='ocrx_word' id='word_1_121' title='bbox 729 1424 820 1472; x_wconf 88' lang='lat' dir='ltr'>lectum</span> <span class='ocrx_word' id='word_1_122' title='bbox 833 1425 970 1490; x_wconf 84' lang='lat' dir='ltr'>antiquitus</span> <span class='ocrx_word' id='word_1_123' title='bbox 982 1425 1028 1473; x_wconf 83' lang='lat' dir='ltr'>init</span> <span class='ocrx_word' id='word_1_124' title='bbox 1041 1424 1189 1474; x_wconf 64' lang='lat' dir='ltr'>maculosa.</span> <span class='ocrx_word' id='word_1_125' title='bbox 1202 1445 1216 1466; x_wconf 76' lang='grc' dir='ltr'>ι</span> <span class='ocrx_word' id='word_1_126' title='bbox 1236 1423 1293 1472; x_wconf 79' lang='lat' dir='ltr'>Hoc</span> <span class='ocrx_word' id='word_1_127' title='bbox 1306 1421 1408 1486; x_wconf 74' lang='lat' dir='ltr'>recepi,</span> 
     </span>
     <span class='ocr_line' id='line_1_13' title="bbox 322 1505 1409 1575; baseline -0.001 -20"><span class='ocrx_word' id='word_1_128' title='bbox 322 1513 447 1569; x_wconf 66' lang='lat' dir='ltr'>nusquam</span> <span class='ocrx_word' id='word_1_129' title='bbox 459 1508 536 1575; x_wconf 75' lang='lat' dir='ltr'>longe</span> <span class='ocrx_word' id='word_1_130' title='bbox 548 1510 704 1575; x_wconf 78' lang='lat' dir='ltr'>praestantius</span> <span class='ocrx_word' id='word_1_131' title='bbox 715 1509 823 1575; x_wconf 79' lang='lat' dir='ltr'>vulgato,</span> <span class='ocrx_word' id='word_1_132' title='bbox 835 1507 946 1574; x_wconf 68' lang='lat' dir='ltr'>quomis</span> <span class='ocrx_word' id='word_1_133' title='bbox 956 1523 1009 1559; x_wconf 85' lang='lat' dir='ltr'>uon</span> <span class='ocrx_word' id='word_1_134' title='bbox 1019 1510 1131 1574; x_wconf 81' lang='lat' dir='ltr'>undique</span> <span class='ocrx_word' id='word_1_135' title='bbox 1141 1519 1223 1558; x_wconf 85' lang='lat' dir='ltr'>toturn</span> <span class='ocrx_word' id='word_1_136' title='bbox 1233 1506 1317 1556; x_wconf 80' lang='lat' dir='ltr'>videri</span> <span class='ocrx_word' id='word_1_137' title='bbox 1325 1505 1409 1572; x_wconf 84' lang='lat' dir='ltr'>possit</span> 
     </span>
     <span class='ocr_line' id='line_1_14' title="bbox 322 1587 789 1645; baseline 0.011 -9"><span class='ocrx_word' id='word_1_138' title='bbox 322 1587 354 1636; x_wconf 85' lang='lat' dir='ltr'>ab</span> <span class='ocrx_word' id='word_1_139' title='bbox 364 1591 435 1640; x_wconf 85' lang='lat' dir='ltr'>omui</span> <span class='ocrx_word' id='word_1_140' title='bbox 443 1591 607 1645; x_wconf 73' lang='lat' dir='ltr'><strong>dubitatione.</strong></span> <span class='ocrx_word' id='word_1_141' title='bbox 616 1594 682 1643; x_wconf 83' lang='lat' dir='ltr'>Vide</span> <span class='ocrx_word' id='word_1_142' title='bbox 691 1594 789 1643; x_wconf 58' lang='lat' dir='ltr'>domm.</span> 
     </span>
    </p>
   </div>
   <div class='ocr_carea' id='block_1_3' title="bbox 322 1704 1411 2202">
    <p class='ocr_par' dir='ltr' id='par_1_3' title="bbox 322 1704 1411 2202">
     <span class='ocr_line' id='line_1_15' title="bbox 356 1704 1408 1784; baseline -0.005 -23"><span class='ocrx_word' id='word_1_143' title='bbox 356 1707 426 1764; x_wconf 79' lang='lat' dir='ltr'>Nor.</span> <span class='ocrx_word' id='word_1_144' title='bbox 446 1708 562 1782; x_wconf 73' lang='lat'><strong><em>39-47.</em></strong></span> <span class='ocrx_word' id='word_1_145' title='bbox 574 1711 734 1778; x_wconf 73' lang='lat' dir='ltr'>Alternus,</span> <span class='ocrx_word' id='word_1_146' title='bbox 749 1729 804 1784; x_wconf 88' lang='lat' dir='ltr'>qna</span> <span class='ocrx_word' id='word_1_147' title='bbox 815 1709 890 1766; x_wconf 80' lang='lat' dir='ltr'>dives</span> <span class='ocrx_word' id='word_1_148' title='bbox 902 1723 1033 1783; x_wconf 89' lang='lat' dir='ltr'>patronus</span> <span class='ocrx_word' id='word_1_149' title='bbox 1047 1721 1109 1764; x_wconf 86' lang='lat' dir='ltr'>tuus</span> <span class='ocrx_word' id='word_1_150' title='bbox 1121 1709 1218 1777; x_wconf 86' lang='lat' dir='ltr'>utitur,</span> <span class='ocrx_word' id='word_1_151' title='bbox 1231 1720 1264 1764; x_wconf 90' lang='lat' dir='ltr'>ut</span> <span class='ocrx_word' id='word_1_152' title='bbox 1274 1705 1344 1762; x_wconf 75' lang='lat' dir='ltr'>sutis</span> <span class='ocrx_word' id='word_1_153' title='bbox 1355 1704 1408 1758; x_wconf 85' lang='lat' dir='ltr'>tabi</span> 
     </span>
     <span class='ocr_line' id='line_1_16' title="bbox 322 1790 1411 1867; baseline -0.006 -16"><span class='ocrx_word' id='word_1_154' title='bbox 322 1790 427 1864; x_wconf 63' lang='lat' dir='ltr'>protuli</span> <span class='ocrx_word' id='word_1_155' title='bbox 436 1811 469 1850; x_wconf 85' lang='lat' dir='ltr'>to</span> <span class='ocrx_word' id='word_1_156' title='bbox 480 1794 580 1849; x_wconf 77' lang='lat' dir='ltr'>luroris</span> <span class='ocrx_word' id='word_1_157' title='bbox 590 1795 736 1850; x_wconf 88' lang='lat' dir='ltr'>contulisse</span> <span class='ocrx_word' id='word_1_158' title='bbox 745 1793 884 1852; x_wconf 77' lang='lat' dir='ltr'>videatur:</span> <span class='ocrx_word' id='word_1_159' title='bbox 895 1795 924 1849; x_wconf 91' lang='lat' dir='ltr'>Si</span> <span class='ocrx_word' id='word_1_160' title='bbox 929 1792 1013 1867; x_wconf 69' lang='lat' dir='ltr'>scinu</span> <span class='ocrx_word' id='word_1_161' title='bbox 1022 1796 1150 1848; x_wconf 74' lang='lat' dir='ltr'><em>dulcedine</em></span> <span class='ocrx_word' id='word_1_162' title='bbox 1159 1812 1299 1856; x_wconf 76' lang='lat' dir='ltr'>racemus,</span> <span class='ocrx_word' id='word_1_163' title='bbox 1313 1807 1411 1845; x_wconf 80' lang='lat' dir='ltr'>socen·</span> 
     </span>
     <span class='ocr_line' id='line_1_17' title="bbox 322 1873 1409 1952; baseline 0.001 -24"><span class='ocrx_word' id='word_1_164' title='bbox 322 1892 376 1941; x_wconf 83' lang='lat' dir='ltr'>sus,</span> <span class='ocrx_word' id='word_1_165' title='bbox 388 1875 532 1949; x_wconf 80' lang='lat' dir='ltr'>impulsus.</span> <span class='ocrx_word' id='word_1_166' title='bbox 544 1879 663 1934; x_wconf 77' lang='lat' dir='ltr'>carmina</span> <span class='ocrx_word' id='word_1_167' title='bbox 674 1892 722 1935; x_wconf 85' lang='lat' dir='ltr'>tou</span> <span class='ocrx_word' id='word_1_168' title='bbox 734 1882 837 1933; x_wconf 75' lang='lat' dir='ltr'>micare</span> <span class='ocrx_word' id='word_1_169' title='bbox 848 1879 952 1952; x_wconf 77' lang='lat' dir='ltr'>cupies,</span> <span class='ocrx_word' id='word_1_170' title='bbox 964 1883 1029 1932; x_wconf 71' lang='lat' dir='ltr'>ceder</span> <span class='ocrx_word' id='word_1_171' title='bbox 1039 1877 1165 1951; x_wconf 83' lang='lat' dir='ltr'>quidem,</span> <span class='ocrx_word' id='word_1_172' title='bbox 1177 1876 1207 1929; x_wconf 92' lang='lat' dir='ltr'>in</span> <span class='ocrx_word' id='word_1_173' title='bbox 1221 1877 1324 1950; x_wconf 83' lang='lat' dir='ltr'>quibus</span> <span class='ocrx_word' id='word_1_174' title='bbox 1339 1873 1409 1930; x_wconf 86' lang='lat' dir='ltr'>reci·</span> 
     </span>
     <span class='ocr_line' id='line_1_18' title="bbox 322 1959 1411 2039; baseline 0 -27"><span class='ocrx_word' id='word_1_175' title='bbox 322 1970 365 2014; x_wconf 84' lang='lat' dir='ltr'>tes</span> <span class='ocrx_word' id='word_1_176' title='bbox 373 1999 381 2026; x_wconf 87' lang='lat'>,</span> <span class='ocrx_word' id='word_1_177' title='bbox 389 1959 439 2014; x_wconf 89' lang='lat' dir='ltr'>sed</span> <span class='ocrx_word' id='word_1_178' title='bbox 445 1961 552 2016; x_wconf 85' lang='lat' dir='ltr'>ruiuusn</span> <span class='ocrx_word' id='word_1_179' title='bbox 557 1963 704 2027; x_wconf 83' lang='lat' dir='ltr'>minantes,</span> <span class='ocrx_word' id='word_1_180' title='bbox 715 1963 844 2039; x_wconf 80' lang='lat' dir='ltr'>omnique</span> <span class='ocrx_word' id='word_1_181' title='bbox 856 1962 1023 2036; x_wconf 73' lang='lat' dir='ltr'>supellectile</span> <span class='ocrx_word' id='word_1_182' title='bbox 1033 1973 1171 2030; x_wconf 72' lang='lat' dir='ltr'>carentes,</span> <span class='ocrx_word' id='word_1_183' title='bbox 1184 1960 1233 2014; x_wconf 90' lang='lat' dir='ltr'>tibi</span> <span class='ocrx_word' id='word_1_184' title='bbox 1243 1959 1411 2012; x_wconf 65' lang='lat' dir='ltr'>maraht</span> 
     </span>
     <span class='ocr_line' id='line_1_19' title="bbox 324 2039 1410 2119; baseline -0.002 -23"><span class='ocrx_word' id='word_1_185' title='bbox 324 2040 416 2112; x_wconf 88' lang='lat' dir='ltr'>(unde</span> <span class='ocrx_word' id='word_1_186' title='bbox 430 2045 523 2117; x_wconf 70' lang='lat' dir='ltr'>magni</span> <span class='ocrx_word' id='word_1_187' title='bbox 536 2058 660 2119; x_wconf 87' lang='lat' dir='ltr'>sumptus</span> <span class='ocrx_word' id='word_1_188' title='bbox 674 2047 726 2102; x_wconf 91' lang='lat' dir='ltr'>tibi</span> <span class='ocrx_word' id='word_1_189' title='bbox 736 2059 817 2104; x_wconf 86' lang='lat' dir='ltr'>eruut</span> <span class='ocrx_word' id='word_1_190' title='bbox 830 2045 948 2102; x_wconf 75' lang='lat' dir='ltr'>faciendi</span> <span class='ocrx_word' id='word_1_191' title='bbox 960 2047 990 2100; x_wconf 91' lang='lat' dir='ltr'>in</span> <span class='ocrx_word' id='word_1_192' title='bbox 1002 2048 1179 2110; x_wconf 79' lang='lat' dir='ltr'>conducenda,</span> <span class='ocrx_word' id='word_1_193' title='bbox 1190 2039 1363 2116; x_wconf 85' lang='lat' dir='ltr'>disponenda</span> <span class='ocrx_word' id='word_1_194' title='bbox 1376 2057 1410 2094; x_wconf 86' lang='lat' dir='ltr'>ac</span> 
     </span>
     <span class='ocr_line' id='line_1_20' title="bbox 322 2121 1410 2202; baseline -0.003 -24"><span class='ocrx_word' id='word_1_195' title='bbox 322 2129 474 2194; x_wconf 69' lang='lat' dir='ltr'>reportanda</span> <span class='ocrx_word' id='word_1_196' title='bbox 482 2129 616 2195; x_wconf 77' lang='lat' dir='ltr'>subsellia,</span> <span class='ocrx_word' id='word_1_197' title='bbox 626 2129 702 2200; x_wconf 76' lang='lat' dir='ltr'>eto),</span> <span class='ocrx_word' id='word_1_198' title='bbox 712 2140 740 2183; x_wconf 88' lang='lat' dir='ltr'>et</span> <span class='ocrx_word' id='word_1_199' title='bbox 752 2129 863 2183; x_wconf 86' lang='lat' dir='ltr'>clientes</span> <span class='ocrx_word' id='word_1_200' title='bbox 873 2129 923 2182; x_wconf 92' lang='lat' dir='ltr'>tibi</span> <span class='ocrx_word' id='word_1_201' title='bbox 934 2128 1097 2202; x_wconf 76' lang='lat' dir='ltr'>applaudere</span> <span class='ocrx_word' id='word_1_202' title='bbox 1107 2127 1222 2201; x_wconf 84' lang='lat' dir='ltr'>jubebit.</span> <span class='ocrx_word' id='word_1_203' title='bbox 1233 2126 1315 2180; x_wconf 83' lang='lat' dir='ltr'>Coni.</span> <span class='ocrx_word' id='word_1_204' title='bbox 1327 2123 1365 2178; x_wconf 86' lang='lat' dir='ltr'>ad</span> <span class='ocrx_word' id='word_1_205' title='bbox 1376 2121 1410 2188; x_wconf 94' lang='lat'>1,</span> 
     </span>
    </p>
   </div>
   <div class='ocr_carea' id='block_1_4' title="bbox 260 2209 1415 4294">
    <p class='ocr_par' dir='ltr' id='par_1_4' title="bbox 260 2209 1415 4294">
     <span class='ocr_line' id='line_1_21' title="bbox 326 2209 1409 2287; baseline 0.001 -25"><span class='ocrx_word' id='word_1_206' title='bbox 326 2226 352 2274; x_wconf 85' lang='lat'>1,</span> <span class='ocrx_word' id='word_1_207' title='bbox 364 2221 392 2264; x_wconf 86' lang='lat' dir='ltr'>et</span> <span class='ocrx_word' id='word_1_208' title='bbox 402 2227 452 2278; x_wconf 81' lang='lat' dir='ltr'>su,</span> <span class='ocrx_word' id='word_1_209' title='bbox 465 2211 510 2266; x_wconf 82' lang='lat'>13.</span> <span class='ocrx_word' id='word_1_210' title='bbox 520 2211 651 2275; x_wconf 86' lang='lat' dir='ltr'>Tacitus,</span> <span class='ocrx_word' id='word_1_211' title='bbox 663 2213 709 2268; x_wconf 80' lang='lat' dir='ltr'>rel</span> <span class='ocrx_word' id='word_1_212' title='bbox 720 2213 790 2267; x_wconf 89' lang='lat' dir='ltr'>ulius</span> <span class='ocrx_word' id='word_1_213' title='bbox 801 2226 896 2268; x_wconf 86' lang='lat' dir='ltr'>auctor</span> <span class='ocrx_word' id='word_1_214' title='bbox 905 2215 1012 2287; x_wconf 74' lang='lat' dir='ltr'>Dialop.</span> <span class='ocrx_word' id='word_1_215' title='bbox 1024 2213 1058 2269; x_wconf 88' lang='lat' dir='ltr'>de</span> <span class='ocrx_word' id='word_1_216' title='bbox 1067 2215 1175 2268; x_wconf 89' lang='lat' dir='ltr'>Orator.</span> <span class='ocrx_word' id='word_1_217' title='bbox 1186 2233 1210 2267; x_wconf 89' lang='lat' dir='ltr'>c.</span> <span class='ocrx_word' id='word_1_218' title='bbox 1221 2230 1257 2281; x_wconf 87' lang='lat'>9,</span> <span class='ocrx_word' id='word_1_219' title='bbox 1272 2209 1308 2264; x_wconf 87' lang='lat' dir='ltr'>de</span> <span class='ocrx_word' id='word_1_220' title='bbox 1318 2209 1409 2264; x_wconf 73' lang='lat' dir='ltr'>Saldo</span> 
     </span>
     <span class='ocr_line' id='line_1_22' title="bbox 323 2291 1411 2370; baseline 0 -22"><span class='ocrx_word' id='word_1_221' title='bbox 323 2291 409 2348; x_wconf 80' lang='lat' dir='ltr'>Basso</span> <span class='ocrx_word' id='word_1_222' title='bbox 419 2306 500 2366; x_wconf 84' lang='lat' dir='ltr'>poeta</span> <span class='ocrx_word' id='word_1_223' title='bbox 511 2295 624 2366; x_wconf 75' lang='lat' dir='ltr'>(consor.</span> <span class='ocrx_word' id='word_1_224' title='bbox 634 2315 678 2356; x_wconf 79' lang='lat' dir='ltr'>vs.</span> <span class='ocrx_word' id='word_1_225' title='bbox 691 2298 753 2370; x_wconf 82' lang='lat' dir='ltr'>so):</span> <span class='ocrx_word' id='word_1_226' title='bbox 764 2323 776 2346; x_wconf 75' lang='grc' dir='ltr'>ι</span> <span class='ocrx_word' id='word_1_227' title='bbox 786 2299 879 2364; x_wconf 89' lang='lat' dir='ltr'>Quum</span> <span class='ocrx_word' id='word_1_228' title='bbox 887 2309 947 2352; x_wconf 91' lang='lat' dir='ltr'>toto</span> <span class='ocrx_word' id='word_1_229' title='bbox 955 2317 1028 2352; x_wconf 84' lang='lat' dir='ltr'>anuo</span> <span class='ocrx_word' id='word_1_230' title='bbox 1037 2336 1046 2362; x_wconf 88' lang='lat'>,</span> <span class='ocrx_word' id='word_1_231' title='bbox 1056 2316 1106 2370; x_wconf 85' lang='lat' dir='ltr'>per</span> <span class='ocrx_word' id='word_1_232' title='bbox 1117 2315 1211 2350; x_wconf 86' lang='lat' dir='ltr'>omnes</span> <span class='ocrx_word' id='word_1_233' title='bbox 1220 2294 1294 2362; x_wconf 83' lang='lat' dir='ltr'>dies,</span> <span class='ocrx_word' id='word_1_234' title='bbox 1307 2311 1411 2366; x_wconf 70' lang='lat' dir='ltr'>snagm</span> 
     </span>
     <span class='ocr_line' id='line_1_23' title="bbox 260 2371 1411 2450; baseline 0.001 -22"><span class='ocrx_word' id='word_1_235' title='bbox 260 2417 273 2438; x_wconf 79' lang='grc'><strong><em>,</em></strong></span> <span class='ocrx_word' id='word_1_236' title='bbox 324 2371 446 2431; x_wconf 87' lang='lat' dir='ltr'>noctium</span> <span class='ocrx_word' id='word_1_237' title='bbox 460 2389 556 2449; x_wconf 84' lang='lat' dir='ltr'>parte,</span> <span class='ocrx_word' id='word_1_238' title='bbox 575 2397 660 2433; x_wconf 89' lang='lat' dir='ltr'>unum</span> <span class='ocrx_word' id='word_1_239' title='bbox 677 2380 778 2434; x_wconf 88' lang='lat' dir='ltr'>librum</span> <span class='ocrx_word' id='word_1_240' title='bbox 795 2378 901 2435; x_wconf 75' lang='lat' dir='ltr'>extudit</span> <span class='ocrx_word' id='word_1_241' title='bbox 918 2392 946 2434; x_wconf 89' lang='lat' dir='ltr'>et</span> <span class='ocrx_word' id='word_1_242' title='bbox 962 2379 1149 2442; x_wconf 77' lang='lat' dir='ltr'>elucubravit,</span> <span class='ocrx_word' id='word_1_243' title='bbox 1167 2396 1264 2450; x_wconf 78' lang='lat' dir='ltr'>rogare</span> <span class='ocrx_word' id='word_1_244' title='bbox 1285 2376 1360 2429; x_wconf 87' lang='lat' dir='ltr'>ultro</span> <span class='ocrx_word' id='word_1_245' title='bbox 1382 2388 1411 2430; x_wconf 88' lang='lat' dir='ltr'>et</span> 
     </span>
     <span class='ocr_line' id='line_1_24' title="bbox 325 2459 1409 2538; baseline -0.004 -21"><span class='ocrx_word' id='word_1_246' title='bbox 325 2461 430 2517; x_wconf 76' lang='lat' dir='ltr'>ambire</span> <span class='ocrx_word' id='word_1_247' title='bbox 441 2463 557 2536; x_wconf 69' lang='lat' dir='ltr'>cogitur,</span> <span class='ocrx_word' id='word_1_248' title='bbox 571 2476 603 2517; x_wconf 91' lang='lat' dir='ltr'>ut</span> <span class='ocrx_word' id='word_1_249' title='bbox 616 2463 688 2532; x_wconf 89' lang='lat' dir='ltr'>sint,</span> <span class='ocrx_word' id='word_1_250' title='bbox 702 2465 748 2538; x_wconf 85' lang='lat' dir='ltr'>qui</span> <span class='ocrx_word' id='word_1_251' title='bbox 763 2464 909 2538; x_wconf 72' lang='lat' dir='ltr'>dignentur</span> <span class='ocrx_word' id='word_1_252' title='bbox 920 2463 1030 2530; x_wconf 88' lang='lat' dir='ltr'>audire;</span> <span class='ocrx_word' id='word_1_253' title='bbox 1046 2475 1074 2517; x_wconf 84' lang='lat' dir='ltr'>et</span> <span class='ocrx_word' id='word_1_254' title='bbox 1088 2481 1124 2516; x_wconf 84' lang='lat' dir='ltr'>ns</span> <span class='ocrx_word' id='word_1_255' title='bbox 1137 2461 1166 2516; x_wconf 92' lang='lat' dir='ltr'>id</span> <span class='ocrx_word' id='word_1_256' title='bbox 1180 2461 1291 2534; x_wconf 88' lang='lat' dir='ltr'>quidem</span> <span class='ocrx_word' id='word_1_257' title='bbox 1301 2459 1409 2533; x_wconf 67' lang='lat' dir='ltr'>grain</span> 
     </span>
     <span class='ocr_line' id='line_1_25' title="bbox 324 2541 1411 2614; baseline -0.003 -15"><span class='ocrx_word' id='word_1_258' title='bbox 324 2563 388 2600; x_wconf 86' lang='lat' dir='ltr'>nsm</span> <span class='ocrx_word' id='word_1_259' title='bbox 399 2557 427 2600; x_wconf 88' lang='lat' dir='ltr'>et</span> <span class='ocrx_word' id='word_1_260' title='bbox 436 2545 549 2600; x_wconf 89' lang='lat' dir='ltr'>domum</span> <span class='ocrx_word' id='word_1_261' title='bbox 561 2559 710 2614; x_wconf 83' lang='lat' dir='ltr'>mutuatur,</span> <span class='ocrx_word' id='word_1_262' title='bbox 722 2561 750 2603; x_wconf 91' lang='lat' dir='ltr'>et</span> <span class='ocrx_word' id='word_1_263' title='bbox 763 2547 929 2602; x_wconf 72' lang='lat' dir='ltr'>auditorium</span> <span class='ocrx_word' id='word_1_264' title='bbox 940 2547 1071 2611; x_wconf 74' lang='lat' dir='ltr'>exstruit,</span> <span class='ocrx_word' id='word_1_265' title='bbox 1085 2557 1113 2600; x_wconf 87' lang='lat' dir='ltr'>et</span> <span class='ocrx_word' id='word_1_266' title='bbox 1124 2543 1250 2598; x_wconf 83' lang='lat' dir='ltr'>subsellia</span> <span class='ocrx_word' id='word_1_267' title='bbox 1260 2541 1411 2608; x_wconf 87' lang='lat' dir='ltr'>conducit,</span> 
     </span>
     <span class='ocr_line' id='line_1_26' title="bbox 324 2627 1413 2702; baseline -0.003 -21"><span class='ocrx_word' id='word_1_268' title='bbox 324 2639 353 2682; x_wconf 87' lang='lat' dir='ltr'>et</span> <span class='ocrx_word' id='word_1_269' title='bbox 365 2628 470 2682; x_wconf 90' lang='lat' dir='ltr'>libellos</span> <span class='ocrx_word' id='word_1_270' title='bbox 483 2627 630 2702; x_wconf 73' lang='lat' dir='ltr'>dispergit3</span> <span class='ocrx_word' id='word_1_271' title='bbox 644 2644 670 2686; x_wconf 89' lang='lat' dir='ltr'>et</span> <span class='ocrx_word' id='word_1_272' title='bbox 682 2643 713 2685; x_wconf 88' lang='lat' dir='ltr'>ut</span> <span class='ocrx_word' id='word_1_273' title='bbox 725 2631 896 2686; x_wconf 80' lang='lat' dir='ltr'>beatissimus</span> <span class='ocrx_word' id='word_1_274' title='bbox 909 2631 1100 2686; x_wconf 77' lang='lat' dir='ltr'>recitationum</span> <span class='ocrx_word' id='word_1_275' title='bbox 1115 2629 1173 2701; x_wconf 88' lang='lat' dir='ltr'>ejus</span> <span class='ocrx_word' id='word_1_276' title='bbox 1185 2638 1297 2682; x_wconf 82' lang='lat' dir='ltr'>eventus</span> <span class='ocrx_word' id='word_1_277' title='bbox 1312 2643 1413 2697; x_wconf 86' lang='lat' dir='ltr'>prose·</span> 
     </span>
     <span class='ocr_line' id='line_1_27' title="bbox 325 2709 1413 2784; baseline 0 -20"><span class='ocrx_word' id='word_1_278' title='bbox 325 2722 435 2784; x_wconf 75' lang='lat' dir='ltr'>quatur,</span> <span class='ocrx_word' id='word_1_279' title='bbox 446 2711 535 2765; x_wconf 85' lang='lat' dir='ltr'>omnis</span> <span class='ocrx_word' id='word_1_280' title='bbox 545 2713 591 2766; x_wconf 86' lang='lat' dir='ltr'>illa</span> <span class='ocrx_word' id='word_1_281' title='bbox 600 2711 658 2766; x_wconf 87' lang='lat' dir='ltr'>laus</span> <span class='ocrx_word' id='word_1_282' title='bbox 671 2714 747 2768; x_wconf 83' lang='lat' dir='ltr'>intra</span> <span class='ocrx_word' id='word_1_283' title='bbox 755 2731 840 2766; x_wconf 87' lang='lat' dir='ltr'>unum</span> <span class='ocrx_word' id='word_1_284' title='bbox 854 2728 903 2768; x_wconf 81' lang='lat' dir='ltr'>sut</span> <span class='ocrx_word' id='word_1_285' title='bbox 914 2714 1030 2782; x_wconf 72' lang='lat' dir='ltr'>alterum</span> <span class='ocrx_word' id='word_1_286' title='bbox 1040 2712 1128 2774; x_wconf 89' lang='lat' dir='ltr'>diem,</span> <span class='ocrx_word' id='word_1_287' title='bbox 1147 2711 1262 2764; x_wconf 75' lang='lat' dir='ltr'>velutin</span> <span class='ocrx_word' id='word_1_288' title='bbox 1271 2709 1354 2764; x_wconf 68' lang='lat' dir='ltr'>belse</span> <span class='ocrx_word' id='word_1_289' title='bbox 1365 2711 1413 2764; x_wconf 76' lang='lat' dir='ltr'>rel</span> 
     </span>
     <span class='ocr_line' id='line_1_28' title="bbox 325 2793 1413 2868; baseline -0.002 -20"><span class='ocrx_word' id='word_1_290' title='bbox 325 2794 392 2850; x_wconf 82' lang='lat' dir='ltr'>flore</span> <span class='ocrx_word' id='word_1_291' title='bbox 402 2807 551 2868; x_wconf 77' lang='lat' dir='ltr'>praecepte,</span> <span class='ocrx_word' id='word_1_292' title='bbox 564 2795 600 2850; x_wconf 86' lang='lat' dir='ltr'>ad</span> <span class='ocrx_word' id='word_1_293' title='bbox 613 2796 716 2851; x_wconf 90' lang='lat' dir='ltr'>nullam</span> <span class='ocrx_word' id='word_1_294' title='bbox 729 2809 830 2850; x_wconf 84' lang='lat' dir='ltr'>certum</span> <span class='ocrx_word' id='word_1_295' title='bbox 844 2809 872 2852; x_wconf 87' lang='lat' dir='ltr'>st</span> <span class='ocrx_word' id='word_1_296' title='bbox 887 2795 1002 2850; x_wconf 89' lang='lat' dir='ltr'>solidam</span> <span class='ocrx_word' id='word_1_297' title='bbox 1018 2795 1142 2866; x_wconf 83' lang='lat' dir='ltr'>pervenit</span> <span class='ocrx_word' id='word_1_298' title='bbox 1158 2793 1278 2864; x_wconf 70' lang='lat' dir='ltr'>frugemt</span> <span class='ocrx_word' id='word_1_299' title='bbox 1295 2810 1347 2848; x_wconf 87' lang='lat' dir='ltr'>uec</span> <span class='ocrx_word' id='word_1_300' title='bbox 1360 2805 1413 2846; x_wconf 87' lang='lat' dir='ltr'>aut</span> 
     </span>
     <span class='ocr_line' id='line_1_29' title="bbox 326 2875 1413 2948; baseline -0.004 -16"><span class='ocrx_word' id='word_1_301' title='bbox 326 2876 472 2932; x_wconf 77' lang='lat' dir='ltr'>amicitiem</span> <span class='ocrx_word' id='word_1_302' title='bbox 480 2876 544 2932; x_wconf 87' lang='lat' dir='ltr'>inde</span> <span class='ocrx_word' id='word_1_303' title='bbox 552 2878 648 2946; x_wconf 84' lang='lat' dir='ltr'>refert,</span> <span class='ocrx_word' id='word_1_304' title='bbox 655 2891 703 2933; x_wconf 82' lang='lat' dir='ltr'>aut</span> <span class='ocrx_word' id='word_1_305' title='bbox 711 2877 878 2944; x_wconf 79' lang='lat' dir='ltr'>clientelam,</span> <span class='ocrx_word' id='word_1_306' title='bbox 888 2890 934 2931; x_wconf 91' lang='lat' dir='ltr'>aut</span> <span class='ocrx_word' id='word_1_307' title='bbox 942 2895 1098 2931; x_wconf 77' lang='lat' dir='ltr'>mensurum</span> <span class='ocrx_word' id='word_1_308' title='bbox 1108 2875 1240 2930; x_wconf 90' lang='lat' dir='ltr'>inanimo</span> <span class='ocrx_word' id='word_1_309' title='bbox 1248 2877 1413 2948; x_wconf 81' lang='lat' dir='ltr'>cujusquam</span> 
     </span>
     <span class='ocr_line' id='line_1_30' title="bbox 325 2958 1412 3032; baseline -0.006 -18"><span class='ocrx_word' id='word_1_310' title='bbox 325 2961 504 3028; x_wconf 84' lang='lat' dir='ltr'>beneficium,</span> <span class='ocrx_word' id='word_1_311' title='bbox 524 2960 572 3015; x_wconf 84' lang='lat' dir='ltr'>sed</span> <span class='ocrx_word' id='word_1_312' title='bbox 583 2961 729 3015; x_wconf 81' lang='lat' dir='ltr'>clamorem</span> <span class='ocrx_word' id='word_1_313' title='bbox 741 2978 841 3032; x_wconf 76' lang='lat' dir='ltr'>rugum</span> <span class='ocrx_word' id='word_1_314' title='bbox 850 2972 878 3013; x_wconf 84' lang='lat' dir='ltr'>et</span> <span class='ocrx_word' id='word_1_315' title='bbox 888 2978 970 3013; x_wconf 83' lang='lat' dir='ltr'>voces</span> <span class='ocrx_word' id='word_1_316' title='bbox 980 2960 1073 3014; x_wconf 72' lang='lat' dir='ltr'>manes</span> <span class='ocrx_word' id='word_1_317' title='bbox 1082 2972 1109 3014; x_wconf 89' lang='lat' dir='ltr'>et</span> <span class='ocrx_word' id='word_1_318' title='bbox 1127 2958 1255 3032; x_wconf 78' lang='lat' dir='ltr'>gaudium</span> <span class='ocrx_word' id='word_1_319' title='bbox 1267 2959 1390 3013; x_wconf 80' lang='lat' dir='ltr'>volucre.</span> <span class='ocrx_word' id='word_1_320' title='bbox 1400 2985 1412 3008; x_wconf 78' lang='grc' dir='ltr'>ι</span> 
     </span>
     <span class='ocr_line' id='line_1_31' title="bbox 324 3041 1412 3116; baseline 0.001 -20"><span class='ocrx_word' id='word_1_321' title='bbox 324 3045 472 3102; x_wconf 77' lang='lat' dir='ltr'>Annotutio</span> <span class='ocrx_word' id='word_1_322' title='bbox 485 3045 580 3099; x_wconf 89' lang='lat' dir='ltr'>Heinr.</span> <span class='ocrx_word' id='word_1_323' title='bbox 593 3059 634 3102; x_wconf 89' lang='lat' dir='ltr'>est</span> <span class='ocrx_word' id='word_1_324' title='bbox 645 3063 653 3098; x_wconf 90' lang='lat'>:</span> <span class='ocrx_word' id='word_1_325' title='bbox 663 3045 821 3099; x_wconf 78' lang='lat' dir='ltr'>-Juvenulis</span> <span class='ocrx_word' id='word_1_326' title='bbox 831 3043 900 3098; x_wconf 72' lang='lat' dir='ltr'>edes</span> <span class='ocrx_word' id='word_1_327' title='bbox 909 3043 1045 3098; x_wconf 81' lang='lat' dir='ltr'>illiberalis</span> <span class='ocrx_word' id='word_1_328' title='bbox 1055 3045 1162 3116; x_wconf 79' lang='lat' dir='ltr'>petroni</span> <span class='ocrx_word' id='word_1_329' title='bbox 1172 3047 1315 3096; x_wconf 71' lang='lat' dir='ltr'>maculosae</span> <span class='ocrx_word' id='word_1_330' title='bbox 1323 3041 1412 3110; x_wconf 87' lang='lat' dir='ltr'>dixit,</span> 
     </span>
     <span class='ocr_line' id='line_1_32' title="bbox 326 3125 1414 3195; baseline -0.004 -11"><span class='ocrx_word' id='word_1_331' title='bbox 326 3147 468 3184; x_wconf 82' lang='lat' dir='ltr'>araneosss</span> <span class='ocrx_word' id='word_1_332' title='bbox 483 3147 546 3195; x_wconf 83' lang='lat' dir='ltr'>eas,</span> <span class='ocrx_word' id='word_1_333' title='bbox 564 3130 609 3184; x_wconf 80' lang='lat' dir='ltr'>rel</span> <span class='ocrx_word' id='word_1_334' title='bbox 625 3141 732 3183; x_wconf 83' lang='lat' dir='ltr'>textura</span> <span class='ocrx_word' id='word_1_335' title='bbox 748 3148 925 3195; x_wconf 85' lang='lat' dir='ltr'>araneorum,</span> <span class='ocrx_word' id='word_1_336' title='bbox 939 3130 1055 3193; x_wconf 76' lang='lat' dir='ltr'>nauelis,</span> <span class='ocrx_word' id='word_1_337' title='bbox 1067 3125 1216 3183; x_wconf 86' lang='lat' dir='ltr'>obductas:</span> <span class='ocrx_word' id='word_1_338' title='bbox 1227 3145 1293 3180; x_wconf 80' lang='lat' dir='ltr'>narn</span> <span class='ocrx_word' id='word_1_339' title='bbox 1304 3132 1414 3180; x_wconf 69' lang='lat' dir='ltr'>munla</span> 
     </span>
     <span class='ocr_line' id='line_1_33' title="bbox 326 3209 1412 3282; baseline -0.005 -13"><span class='ocrx_word' id='word_1_340' title='bbox 326 3225 390 3269; x_wconf 85' lang='lat' dir='ltr'>sunt</span> <span class='ocrx_word' id='word_1_341' title='bbox 397 3212 539 3268; x_wconf 80' lang='lat' dir='ltr'>intervalla</span> <span class='ocrx_word' id='word_1_342' title='bbox 549 3224 678 3280; x_wconf 73' lang='lat' dir='ltr'>texture,</span> <span class='ocrx_word' id='word_1_343' title='bbox 692 3213 827 3268; x_wconf 78' lang='lat' dir='ltr'>foramine</span> <span class='ocrx_word' id='word_1_344' title='bbox 836 3212 892 3269; x_wconf 84' lang='lat' dir='ltr'>sive</span> <span class='ocrx_word' id='word_1_345' title='bbox 902 3223 1035 3282; x_wconf 82' lang='lat' dir='ltr'>sperturre</span> <span class='ocrx_word' id='word_1_346' title='bbox 1046 3211 1075 3264; x_wconf 90' lang='lat' dir='ltr'>in</span> <span class='ocrx_word' id='word_1_347' title='bbox 1086 3213 1138 3265; x_wconf 88' lang='lat' dir='ltr'>reti</span> <span class='ocrx_word' id='word_1_348' title='bbox 1150 3230 1197 3264; x_wconf 90' lang='lat' dir='ltr'>seu</span> <span class='ocrx_word' id='word_1_349' title='bbox 1207 3211 1325 3265; x_wconf 89' lang='lat' dir='ltr'>reticulo</span> <span class='ocrx_word' id='word_1_350' title='bbox 1334 3209 1412 3280; x_wconf 80' lang='lat' dir='ltr'>(vide</span> 
     </span>
     <span class='ocr_line' id='line_1_34' title="bbox 328 3293 1413 3365; baseline -0.002 -15"><span class='ocrx_word' id='word_1_351' title='bbox 328 3295 442 3350; x_wconf 81' lang='lat' dir='ltr'>Gesneri</span> <span class='ocrx_word' id='word_1_352' title='bbox 449 3295 531 3350; x_wconf 81' lang='lat' dir='ltr'>Thes.</span> <span class='ocrx_word' id='word_1_353' title='bbox 545 3296 577 3350; x_wconf 86' lang='lat' dir='ltr'>L.</span> <span class='ocrx_word' id='word_1_354' title='bbox 595 3296 627 3349; x_wconf 79' lang='lat' dir='ltr'>L.</span> <span class='ocrx_word' id='word_1_355' title='bbox 637 3310 665 3350; x_wconf 88' lang='lat' dir='ltr'>et</span> <span class='ocrx_word' id='word_1_356' title='bbox 673 3297 863 3351; x_wconf 81' lang='lat' dir='ltr'>Ernestiolav.</span> <span class='ocrx_word' id='word_1_357' title='bbox 880 3295 1005 3365; x_wconf 85' lang='lat' dir='ltr'>Cicer.);</span> <span class='ocrx_word' id='word_1_358' title='bbox 1024 3294 1194 3348; x_wconf 73' lang='lat' dir='ltr'>indemuula</span> <span class='ocrx_word' id='word_1_359' title='bbox 1202 3293 1413 3348; x_wconf 75' lang='lat' dir='ltr'>dicimrdeseta</span> 
     </span>
     <span class='ocr_line' id='line_1_35' title="bbox 326 3373 1412 3452; baseline 0.001 -18"><span class='ocrx_word' id='word_1_360' title='bbox 326 3397 499 3444; x_wconf 76' lang='lat' dir='ltr'>strenuorum,</span> <span class='ocrx_word' id='word_1_361' title='bbox 507 3373 537 3434; x_wconf 86' lang='lat' dir='ltr'>ut</span> <span class='ocrx_word' id='word_1_362' title='bbox 546 3378 621 3452; x_wconf 90' lang='lat' dir='ltr'>apud</span> <span class='ocrx_word' id='word_1_363' title='bbox 628 3379 696 3433; x_wconf 91' lang='lat' dir='ltr'>Plin.</span> <span class='ocrx_word' id='word_1_364' title='bbox 703 3380 771 3434; x_wconf 88' lang='lat' dir='ltr'>Hist.</span> <span class='ocrx_word' id='word_1_365' title='bbox 782 3395 838 3436; x_wconf 88' lang='lat' dir='ltr'>nat.</span> <span class='ocrx_word' id='word_1_366' title='bbox 847 3381 904 3441; x_wconf 81' lang='lat' dir='ltr'>xl,</span> <span class='ocrx_word' id='word_1_367' title='bbox 915 3386 948 3444; x_wconf 68' lang='lat' dir='ltr'>sl</span> <span class='ocrx_word' id='word_1_368' title='bbox 954 3415 963 3441; x_wconf 89' lang='lat'>‚</span> <span class='ocrx_word' id='word_1_369' title='bbox 977 3397 1026 3434; x_wconf 86' lang='lat' dir='ltr'>seu</span> <span class='ocrx_word' id='word_1_370' title='bbox 1036 3377 1078 3434; x_wconf 78' lang='lat'>28.</span> <span class='ocrx_word' id='word_1_371' title='bbox 1086 3379 1232 3434; x_wconf 77' lang='lat' dir='ltr'>«Teretes</span> <span class='ocrx_word' id='word_1_372' title='bbox 1242 3377 1334 3432; x_wconf 85' lang='lat' dir='ltr'>medio</span> <span class='ocrx_word' id='word_1_373' title='bbox 1341 3379 1412 3435; x_wconf 83' lang='lat' dir='ltr'>iuci-</span> 
     </span>
     <span class='ocr_line' id='line_1_36' title="bbox 326 3460 1413 3536; baseline -0.001 -20"><span class='ocrx_word' id='word_1_374' title='bbox 326 3462 377 3536; x_wconf 83' lang='lat' dir='ltr'>pit.</span> <span class='ocrx_word' id='word_1_375' title='bbox 432 3465 592 3531; x_wconf 79' lang='lat' dir='ltr'>maculasque</span> <span class='ocrx_word' id='word_1_376' title='bbox 600 3460 713 3534; x_wconf 81' lang='lat' dir='ltr'>paribus</span> <span class='ocrx_word' id='word_1_377' title='bbox 721 3481 827 3536; x_wconf 87' lang='lat' dir='ltr'>semper</span> <span class='ocrx_word' id='word_1_378' title='bbox 836 3463 1037 3519; x_wconf 66' lang='lat' dir='ltr'>intervallis...</span> <span class='ocrx_word' id='word_1_379' title='bbox 1048 3461 1226 3516; x_wconf 74' lang='lat' dir='ltr'>indissolubili</span> <span class='ocrx_word' id='word_1_380' title='bbox 1234 3461 1310 3516; x_wconf 87' lang='lat' dir='ltr'>nodo</span> <span class='ocrx_word' id='word_1_381' title='bbox 1320 3463 1413 3534; x_wconf 87' lang='lat' dir='ltr'>impli-</span> 
     </span>
     <span class='ocr_line' id='line_1_37' title="bbox 326 3543 1415 3620; baseline -0.004 -18"><span class='ocrx_word' id='word_1_382' title='bbox 326 3559 379 3602; x_wconf 83' lang='lat' dir='ltr'>cst.</span> <span class='ocrx_word' id='word_1_383' title='bbox 388 3573 402 3596; x_wconf 77' lang='grc' dir='ltr'>ι</span> <span class='ocrx_word' id='word_1_384' title='bbox 413 3543 496 3615; x_wconf 89' lang='lat' dir='ltr'>Quod</span> <span class='ocrx_word' id='word_1_385' title='bbox 507 3559 603 3617; x_wconf 88' lang='lat' dir='ltr'>sponte</span> <span class='ocrx_word' id='word_1_386' title='bbox 614 3547 791 3620; x_wconf 73' lang='lat' dir='ltr'>intelligitur,</span> <span class='ocrx_word' id='word_1_387' title='bbox 800 3545 967 3619; x_wconf 86' lang='lat' dir='ltr'>quamuuioe</span> <span class='ocrx_word' id='word_1_388' title='bbox 975 3557 1107 3619; x_wconf 76' lang='lat' dir='ltr'>congruet</span> <span class='ocrx_word' id='word_1_389' title='bbox 1116 3544 1228 3600; x_wconf 74' lang='lat' dir='ltr'>edificio</span> <span class='ocrx_word' id='word_1_390' title='bbox 1237 3548 1415 3618; x_wconf 78' lang='lat' dir='ltr'>longefemsu</span> 
     </span>
     <span class='ocr_line' id='line_1_38' title="bbox 325 3629 1412 3705; baseline -0.002 -19"><span class='ocrx_word' id='word_1_391' title='bbox 325 3650 360 3686; x_wconf 86' lang='lat' dir='ltr'>sc</span> <span class='ocrx_word' id='word_1_392' title='bbox 370 3629 495 3698; x_wconf 86' lang='lat' dir='ltr'>deserto,</span> <span class='ocrx_word' id='word_1_393' title='bbox 508 3629 626 3704; x_wconf 86' lang='lat' dir='ltr'>hincque</span> <span class='ocrx_word' id='word_1_394' title='bbox 639 3633 668 3686; x_wconf 93' lang='lat' dir='ltr'>in</span> <span class='ocrx_word' id='word_1_395' title='bbox 684 3634 738 3688; x_wconf 88' lang='lat' dir='ltr'>situ</span> <span class='ocrx_word' id='word_1_396' title='bbox 750 3649 782 3687; x_wconf 82' lang='lat' dir='ltr'>uc</span> <span class='ocrx_word' id='word_1_397' title='bbox 797 3630 921 3705; x_wconf 85' lang='lat' dir='ltr'>squalore</span> <span class='ocrx_word' id='word_1_398' title='bbox 929 3631 1042 3705; x_wconf 77' lang='lat' dir='ltr'>jacenti3</span> <span class='ocrx_word' id='word_1_399' title='bbox 1057 3631 1221 3703; x_wconf 77' lang='lat' dir='ltr'>quambene</span> <span class='ocrx_word' id='word_1_400' title='bbox 1236 3629 1357 3703; x_wconf 84' lang='lat' dir='ltr'>denique</span> <span class='ocrx_word' id='word_1_401' title='bbox 1367 3651 1412 3684; x_wconf 78' lang='lat' dir='ltr'>re·</span> 
     </span>
     <span class='ocr_line' id='line_1_39' title="bbox 326 3711 1411 3788; baseline -0.004 -18"><span class='ocrx_word' id='word_1_402' title='bbox 326 3725 470 3786; x_wconf 75' lang='lat' dir='ltr'>presentet</span> <span class='ocrx_word' id='word_1_403' title='bbox 477 3714 616 3769; x_wconf 76' lang='lat' dir='ltr'>ibrtunam</span> <span class='ocrx_word' id='word_1_404' title='bbox 624 3716 792 3771; x_wconf 76' lang='lat' dir='ltr'>literatorum</span> <span class='ocrx_word' id='word_1_405' title='bbox 802 3715 961 3781; x_wconf 86' lang='lat' dir='ltr'>bominum,</span> <span class='ocrx_word' id='word_1_406' title='bbox 971 3714 1070 3786; x_wconf 87' lang='lat' dir='ltr'>quibus</span> <span class='ocrx_word' id='word_1_407' title='bbox 1080 3713 1212 3788; x_wconf 85' lang='lat' dir='ltr'>ejusmodi</span> <span class='ocrx_word' id='word_1_408' title='bbox 1223 3711 1295 3768; x_wconf 73' lang='lat' dir='ltr'>edes</span> <span class='ocrx_word' id='word_1_409' title='bbox 1301 3715 1411 3766; x_wconf 82' lang='lat' dir='ltr'>ruinam</span> 
     </span>
     <span class='ocr_line' id='line_1_40' title="bbox 324 3791 1411 3871; baseline 0 -19"><span class='ocrx_word' id='word_1_410' title='bbox 324 3801 459 3853; x_wconf 83' lang='lat' dir='ltr'>minantes</span> <span class='ocrx_word' id='word_1_411' title='bbox 470 3798 596 3871; x_wconf 75' lang='lat' dir='ltr'>soplenm</span> <span class='ocrx_word' id='word_1_412' title='bbox 604 3819 764 3855; x_wconf 82' lang='lat' dir='ltr'>araneorum</span> <span class='ocrx_word' id='word_1_413' title='bbox 774 3803 1004 3854; x_wconf 78' lang='lat' dir='ltr'>commodabantur.</span> <span class='ocrx_word' id='word_1_414' title='bbox 1019 3791 1167 3866; x_wconf 73' lang='lat' dir='ltr'>Ceterum,</span> <span class='ocrx_word' id='word_1_415' title='bbox 1180 3799 1203 3852; x_wconf 90' lang='lat' dir='ltr'>si</span> <span class='ocrx_word' id='word_1_416' title='bbox 1216 3801 1250 3853; x_wconf 91' lang='lat' dir='ltr'>ab</span> <span class='ocrx_word' id='word_1_417' title='bbox 1263 3818 1331 3864; x_wconf 89' lang='lat' dir='ltr'>asu,</span> <span class='ocrx_word' id='word_1_418' title='bbox 1343 3799 1411 3871; x_wconf 71' lang='lat' dir='ltr'>legi·</span> 
     </span>
     <span class='ocr_line' id='line_1_41' title="bbox 325 3880 1412 3956; baseline 0.003 -22"><span class='ocrx_word' id='word_1_419' title='bbox 325 3880 393 3936; x_wconf 84' lang='lat' dir='ltr'>timo</span> <span class='ocrx_word' id='word_1_420' title='bbox 402 3894 502 3949; x_wconf 84' lang='lat' dir='ltr'>tumen,</span> <span class='ocrx_word' id='word_1_421' title='bbox 511 3883 673 3955; x_wconf 72' lang='lat' dir='ltr'>quesitioris</span> <span class='ocrx_word' id='word_1_422' title='bbox 684 3883 810 3940; x_wconf 80' lang='lat' dir='ltr'>vocabuli</span> <span class='ocrx_word' id='word_1_423' title='bbox 820 3881 987 3951; x_wconf 88' lang='lat' dir='ltr'>discesseris,</span> <span class='ocrx_word' id='word_1_424' title='bbox 1000 3883 1029 3936; x_wconf 92' lang='lat' dir='ltr'>in</span> <span class='ocrx_word' id='word_1_425' title='bbox 1038 3883 1098 3956; x_wconf 81' lang='lat' dir='ltr'>ipsa</span> <span class='ocrx_word' id='word_1_426' title='bbox 1107 3901 1136 3936; x_wconf 91' lang='lat' dir='ltr'>re</span> <span class='ocrx_word' id='word_1_427' title='bbox 1145 3883 1215 3935; x_wconf 86' lang='lat' dir='ltr'>nihil</span> <span class='ocrx_word' id='word_1_428' title='bbox 1223 3885 1305 3955; x_wconf 82' lang='lat' dir='ltr'>plane</span> <span class='ocrx_word' id='word_1_429' title='bbox 1315 3883 1412 3937; x_wconf 85' lang='lat' dir='ltr'>Satiri-</span> 
     </span>
     <span class='ocr_line' id='line_1_42' title="bbox 325 3966 1411 4040; baseline 0.007 -25"><span class='ocrx_word' id='word_1_430' title='bbox 325 3981 373 4016; x_wconf 90' lang='lat' dir='ltr'>ous</span> <span class='ocrx_word' id='word_1_431' title='bbox 382 3976 422 4018; x_wconf 89' lang='lat' dir='ltr'>est</span> <span class='ocrx_word' id='word_1_432' title='bbox 431 3984 521 4030; x_wconf 90' lang='lat' dir='ltr'>ansus,</span> <span class='ocrx_word' id='word_1_433' title='bbox 529 3967 584 4020; x_wconf 89' lang='lat' dir='ltr'>nisi</span> <span class='ocrx_word' id='word_1_434' title='bbox 597 3966 671 4040; x_wconf 85' lang='lat' dir='ltr'>quod</span> <span class='ocrx_word' id='word_1_435' title='bbox 680 3968 771 4023; x_wconf 88' lang='lat' dir='ltr'>multis</span> <span class='ocrx_word' id='word_1_436' title='bbox 783 3967 871 4021; x_wconf 86' lang='lat' dir='ltr'>modis</span> <span class='ocrx_word' id='word_1_437' title='bbox 880 3969 1028 4022; x_wconf 88' lang='lat' dir='ltr'>multorum</span> <span class='ocrx_word' id='word_1_438' title='bbox 1040 3968 1163 4040; x_wconf 84' lang='lat' dir='ltr'>exemplo</span> <span class='ocrx_word' id='word_1_439' title='bbox 1175 3966 1312 4023; x_wconf 83' lang='lat' dir='ltr'>firmatum</span> <span class='ocrx_word' id='word_1_440' title='bbox 1322 3980 1411 4031; x_wconf 66' lang='lat' dir='ltr'>essen</span> 
     </span>
     <span class='ocr_line' id='line_1_43' title="bbox 324 4045 1413 4126; baseline 0.007 -29"><span class='ocrx_word' id='word_1_441' title='bbox 324 4045 498 4116; x_wconf 87' lang='lat' dir='ltr'>quippenibil</span> <span class='ocrx_word' id='word_1_442' title='bbox 505 4048 671 4122; x_wconf 79' lang='lat' dir='ltr'>frequentius</span> <span class='ocrx_word' id='word_1_443' title='bbox 680 4053 768 4125; x_wconf 84' lang='lat' dir='ltr'>poetis</span> <span class='ocrx_word' id='word_1_444' title='bbox 776 4052 829 4108; x_wconf 81' lang='lat' dir='ltr'>buc</span> <span class='ocrx_word' id='word_1_445' title='bbox 836 4049 1020 4126; x_wconf 86' lang='lat' dir='ltr'>descriptione</span> <span class='ocrx_word' id='word_1_446' title='bbox 1029 4070 1120 4105; x_wconf 87' lang='lat' dir='ltr'>rernm</span> <span class='ocrx_word' id='word_1_447' title='bbox 1125 4070 1272 4106; x_wconf 82' lang='lat' dir='ltr'>vacuarum</span> <span class='ocrx_word' id='word_1_448' title='bbox 1280 4052 1413 4124; x_wconf 72' lang='lat' dir='ltr'>neglectu·</span> 
     </span>
     <span class='ocr_line' id='line_1_44' title="bbox 324 4132 1410 4208; baseline 0.002 -22"><span class='ocrx_word' id='word_1_449' title='bbox 324 4144 453 4200; x_wconf 78' lang='lat' dir='ltr'>rumque,</span> <span class='ocrx_word' id='word_1_450' title='bbox 468 4132 673 4196; x_wconf 69' lang='lat' dir='ltr'>obtruncatum</span> <span class='ocrx_word' id='word_1_451' title='bbox 684 4136 795 4192; x_wconf 87' lang='lat' dir='ltr'>texturis</span> <span class='ocrx_word' id='word_1_452' title='bbox 804 4137 919 4208; x_wconf 85' lang='lat' dir='ltr'>repetita</span> <span class='ocrx_word' id='word_1_453' title='bbox 930 4155 937 4190; x_wconf 94' lang='lat'>:</span> <span class='ocrx_word' id='word_1_454' title='bbox 948 4135 1012 4192; x_wconf 86' lang='lat' dir='ltr'>vide</span> <span class='ocrx_word' id='word_1_455' title='bbox 1020 4135 1112 4192; x_wconf 83' lang='lat' dir='ltr'>Clark.</span> <span class='ocrx_word' id='word_1_456' title='bbox 1121 4134 1157 4190; x_wconf 86' lang='lat' dir='ltr'>ad</span> <span class='ocrx_word' id='word_1_457' title='bbox 1167 4136 1250 4191; x_wconf 84' lang='lat' dir='ltr'>Hom.</span> <span class='ocrx_word' id='word_1_458' title='bbox 1261 4135 1315 4190; x_wconf 91' lang='lat' dir='ltr'>Od.</span> <span class='ocrx_word' id='word_1_459' title='bbox 1326 4137 1410 4202; x_wconf 82' lang='lat' dir='ltr'>XVI,</span> 
     </span>
     <span class='ocr_line' id='line_1_45' title="bbox 326 4211 1410 4294; baseline 0.005 -27"><span class='ocrx_word' id='word_1_460' title='bbox 326 4211 376 4281; x_wconf 75' lang='lat'>³53</span> <span class='ocrx_word' id='word_1_461' title='bbox 386 4214 507 4270; x_wconf 81' lang='lat' dir='ltr'>Broukb.</span> <span class='ocrx_word' id='word_1_462' title='bbox 518 4216 553 4270; x_wconf 81' lang='lat' dir='ltr'>ad</span> <span class='ocrx_word' id='word_1_463' title='bbox 561 4218 646 4294; x_wconf 88' lang='lat' dir='ltr'>Prop.</span> <span class='ocrx_word' id='word_1_464' title='bbox 656 4222 715 4291; x_wconf 87' lang='lat'>111,</span> <span class='ocrx_word' id='word_1_465' title='bbox 725 4228 757 4288; x_wconf 74' lang='grc'>4,</span> <span class='ocrx_word' id='word_1_466' title='bbox 771 4221 805 4278; x_wconf 82' lang='grc'>33</span> <span class='ocrx_word' id='word_1_467' title='bbox 814 4235 822 4290; x_wconf 87' lang='grc'><strong>;</strong></span> <span class='ocrx_word' id='word_1_468' title='bbox 831 4221 924 4275; x_wconf 88' lang='lat' dir='ltr'>Burm.</span> <span class='ocrx_word' id='word_1_469' title='bbox 934 4218 969 4274; x_wconf 84' lang='lat' dir='ltr'>ad</span> <span class='ocrx_word' id='word_1_470' title='bbox 979 4220 1088 4275; x_wconf 79' lang='lat' dir='ltr'>Anthol.</span> <span class='ocrx_word' id='word_1_471' title='bbox 1097 4221 1157 4274; x_wconf 82' lang='lat' dir='ltr'>Lat.</span> <span class='ocrx_word' id='word_1_472' title='bbox 1170 4233 1234 4275; x_wconf 89' lang='lat' dir='ltr'>tom.</span> <span class='ocrx_word' id='word_1_473' title='bbox 1247 4220 1291 4289; x_wconf 90' lang='lat'>11,</span> <span class='ocrx_word' id='word_1_474' title='bbox 1301 4239 1329 4294; x_wconf 87' lang='lat' dir='ltr'>p.</span> <span class='ocrx_word' id='word_1_475' title='bbox 1342 4219 1410 4284; x_wconf 56' lang='lat' dir='ltr'>56ss</span> 
     </span>
    </p>
   </div>
   <div class='ocr_carea' id='block_1_5' title="bbox 0 0 1582 4990">
    <p class='ocr_par' dir='ltr' id='par_1_5' title="bbox 0 0 1582 4990">
     <span class='ocr_line' id='line_1_46' title="bbox 0 0 1582 4990; baseline 0 0"><span class='ocrx_word' id='word_1_476' title='bbox 0 0 1582 4990; x_wconf 95' lang='lat' dir='ltr'> </span> 
     </span>
    </p>
   </div>
  </div>
 </body>
</html>
