3056 4984
385 443 439 506 IN
462 441 693 506 SATIRAM
716 442 967 523 QUINTAM.
991 481 994 490 .
1144 459 1207 528 297

134 553 244 604 Doctum
257 571 373 604 caussam
386 575 422 608 us.
437 557 506 624 dig„
520 555 698 622 Maecenatis),
712 556 836 626 precibus
846 568 871 608 et
882 556 962 627 grstia
973 555 1097 608 submoto
1106 573 1212 608 accusa·

134 647 188 688 tooe
205 635 336 692 dimissus
353 651 406 704 est,
421 657 503 711 quum
517 637 588 710 apud
598 638 700 710 judices
714 639 781 692 nihil
794 637 866 692 aliud
877 639 973 692 docere
990 651 1118 702 tentaret,
1131 654 1212 709 quum

133 739 284 775 concessam
296 723 349 776 sibi
361 724 506 776 libertatem
518 743 532 775 u
547 723 703 784 Maeceuute,
718 723 751 776 sd
765 742 844 795 quem
859 723 940 776 sectio
953 723 1039 791 (forte
1051 722 1150 788 rectio)
1163 722 1213 773 bo·

134 823 228 856 uorum
240 805 354 859 Favonii
366 812 535 879 pertinuerat.
559 807 617 858 Jsm
632 819 719 860 autem
732 826 811 860 senex
824 806 852 860 iu
867 807 987 859 maximis
1000 804 1212 869 necessitatibus,

134 887 167 940 sd
179 907 248 960 quas
263 889 376 942 libidine
389 890 545 961 luxurieque
558 889 711 956 deciderat,
727 903 834 944 coactus
848 890 1012 952 auctionum,
1033 907 1116 960 quum
1131 888 1212 940 iuter-

134 984 282 1041 mgnrctur‚
297 991 346 1026 cur
358 974 485 1045 scriptum
497 991 604 1046 quoque
615 972 769 1025 Censorium
781 970 923 1038 venderet,
937 990 990 1024 uon
1003 971 1132 1035 infacete,
1143 973 1214 1020 ῠυηω

135 1074 162 1104 se
171 1057 300 1107 memorioe
312 1076 365 1108 esse
377 1055 478 1129 perdita
491 1059 502 1127 (
513 1058 582 1110 sorte
588 1058 750 1124 proedicavie,
765 1055 807 1110 vel
816 1057 944 1124 preditum
952 1058 973 1124 ),
982 1080 994 1101 ι
1006 1085 1040 1094 -
1051 1058 1151 1106 Meusns
1164 1055 1213 1104 ini·

135 1159 206 1206 quas,
219 1139 360 1204 convivia,
372 1140 399 1190 in
411 1140 508 1212 quibus
520 1140 561 1193 vel
572 1140 690 1193 convivae
701 1139 802 1210 inique,
818 1139 922 1210 injuste,
933 1137 1041 1210 indigne
1052 1149 1213 1203 tractantur3

136 1220 177 1272 vel
191 1239 246 1272 uon
259 1221 354 1275 eodem
367 1221 470 1275 honore
481 1223 630 1286 habentur3
645 1222 686 1274 vel
699 1221 840 1293 inequales
852 1233 927 1280 sunt,
943 1239 991 1274 nec
1002 1219 1120 1293 ejusdem
1131 1219 1215 1292 digni·

136 1304 209 1368 tatis;
232 1304 276 1356 vel
297 1305 401 1378 potius,
423 1306 558 1378 inquibus
572 1306 617 1358 alii
631 1305 871 1376 cibinliaqnevina
886 1303 1011 1368 domiuo,
1032 1303 1080 1354 alia
1095 1301 1214 1356 convivis

136 1385 299 1455 probentur.
321 1417 357 1428 —
379 1394 440 1455 Quoe
459 1407 492 1440 ne
511 1392 548 1439 ad
564 1408 660 1440 mensas
672 1387 781 1460 quidem
797 1391 900 1439 Cosani
915 1388 1025 1460 Augusti
1041 1389 1106 1438 viles
1118 1404 1215 1440 scurra

133 1471 244 1518 tulissent
255 1469 394 1542 patienter.
416 1471 510 1542 Magna
529 1471 569 1523 vic
586 1472 653 1524 inest
671 1472 699 1522 in
717 1471 803 1525 verbis
825 1473 929 1522 Coesaris
947 1484 972 1522 et
992 1473 1062 1525 vilis.
1082 1471 1121 1522 De
1134 1473 1215 1520 Galba

136 1570 226 1604 scum
240 1552 297 1606 vid.
310 1554 423 1619 Quintil.
436 1556 494 1620 Vl,
517 1554 550 1620 3,
569 1567 594 1606 et
605 1554 718 1608 Martinl.
731 1552 762 1620 Ι,
782 1561 830 1618 42,
852 1557 900 1620 16,
911 1566 936 1606 et
948 1553 990 1620 X,
1013 1572 1057 1606 101
1070 1574 1078 1619 ;
1098 1550 1214 1605 simodo

136 1633 206 1687 idem
222 1648 261 1689 est
274 1677 282 1700 ,
297 1650 321 1689 ct
335 1651 404 1691 recte
416 1638 453 1690 ibi
465 1638 499 1690 itu
513 1637 616 1709 legitur.
630 1639 662 1689 At
675 1656 729 1690 non
742 1637 809 1690 mele
823 1637 925 1690 monuit
935 1636 1064 1690 Schurzfl.
1077 1677 1085 1703 ,
1098 1637 1214 1689 Juvena-

136 1717 186 1770 lem
198 1738 254 1771 non
265 1719 300 1772 dc
309 1722 408 1775 scurris
419 1721 460 1773 sui
472 1721 596 1794 temporis
606 1734 630 1774 et
644 1721 764 1775 felicibus
775 1723 876 1775 Cessare
886 1740 934 1774 suo
947 1722 1034 1794 loqui,
1046 1734 1073 1774 ut
1083 1721 1214 1788 Martini,

136 1801 180 1854 sed
192 1801 228 1854 de
240 1805 335 1855 vilibus
347 1817 373 1858 et
385 1804 478 1876 priscis
491 1805 602 1876 Augusti
614 1805 742 1877 parasitis.
756 1805 834 1858 Conf.
847 1806 911 1858 Ver.
925 1806 998 1859 Lect.
1011 1818 1036 1858 et
1044 1805 1213 1860 Wcrnsdors.

69 1944 71 1948 Ι
137 1883 163 1934 in
176 1883 253 1937 Poet.
270 1885 345 1939 latin.
360 1886 426 1939 min.
442 1887 574 1954 tom.V1,
587 1908 614 1960 p.
631 1890 683 1952 418
696 1908 751 1960 seq.

171 2041 239 2088 Vn.
260 2049 285 2096 4.
299 2043 351 2087 Aue
360 2057 407 2106 pro
418 2059 475 2098 uec,
493 2045 531 2091 16.
545 2070 581 2079 —-
595 2042 696 2100 Gubba,
713 2060 734 2102 1,
746 2061 771 2108 9,
786 2061 825 2092 ιι.
837 2047 915 2092 Vetus
925 2045 1038 2093 scholion
1048 2055 1098 2093 est:
1109 2044 1213 2108 Apicius

137 2123 223 2172 Gubba
237 2125 285 2172 snb
297 2125 398 2174 Tiberio
411 2143 493 2174 scurra
506 2127 597 2174 nobilis
609 2128 661 2176 fnit.
676 2129 748 2176 Cous.
763 2127 824 2177 Plus.
838 2131 903 2176 Eros
916 2148 940 2194 p.
954 2131 1016 2194 759,
1030 2131 1092 2190 760,
1105 2127 1141 2176 vel
1154 2127 1213 2177 edit.

138 2203 531 2270 sess.20m.1x‚p.4s‚ubsin
539 2207 666 2253 nonnum.
674 2207 753 2256 coss.
765 2197 874 2269 siis„
881 2210 978 2267 scitur,
988 2208 1075 2255 inanis
1087 2196 1212 2269 κόρρας,

138 2298 164 2334 ut
175 2287 201 2334 b.
211 2287 228 2335 l.
239 2285 335 2335 Gabba.
352 2289 411 2335 vid.
422 2299 503 2336 tamen
514 2289 610 2337 summ.

172 2385 243 2430 Vsu.
264 2385 289 2432 5.
303 2384 422 2440 Reddere,
437 2401 479 2448 ²9·
492 2412 527 2420 —
544 2384 611 2432 Testi
623 2383 724 2448 quidam
736 2385 798 2432 susle
812 2384 936 2445 scribunt,
949 2395 977 2433 ut
989 2385 1024 2432 sic
1038 2395 1122 2443 νοσεῖς
1135 2395 1160 2431 et
1172 2383 1212 2432 in·

140 2465 262 2531 telligatur
273 2468 370 2515 Testins
380 2469 491 2517 Cohelius
502 2485 597 2527 seusun,
612 2484 644 2514 ex
657 2468 764 2516 Mortinli
774 2479 847 2515 notus
854 2485 863 2528 ;
878 2468 906 2515 in
917 2471 986 2530 cnjus
998 2468 1096 2532 optimis
1108 2468 1212 2532 exempl.

138 2568 191 2600 non
208 2551 302 2600 Tettius
315 2553 418 2614 dicitur,
431 2553 475 2602 scd
491 2552 594 2602 Tertius.

172 2646 242 2698 Non.
265 2646 290 2698 5.
307 2651 392 2696 Iuram
403 2665 416 2698 u
428 2647 510 2698 verbo
526 2645 623 2716 depon.
633 2647 719 2713 jurari
723 2683 731 2710 ‚
746 2656 775 2697 nt
791 2643 898 2716 passim.
913 2643 956 2698 Sic
964 2646 1053 2713 jurato
1068 2645 1128 2695 milui
1142 2648 1213 2697 crede

140 2731 226 2784 Cicer.
240 2729 276 2782 ud
288 2731 368 2782 Attio.
383 2731 523 2796 x111,28.

172 2828 243 2882 Noc.
259 2831 286 2880 6.
302 2833 389 2878 Venere
398 2829 599 2896 nibilfmgalius‚
609 2825 632 2879 si
643 2845 697 2878 non
707 2823 833 2878 delectari
841 2824 912 2887 vult,
923 2821 969 2876 sed
979 2835 1082 2875 tuntum
1093 2822 1212 2894 impleri:

140 2929 200 2963 uum
215 2925 309 2964 natura
324 2912 415 2984 paucis
430 2924 468 2964 cst
481 2923 612 2964 contenta.
629 2911 789 2982 Conspersos
802 2910 886 2962 Horat
896 2907 949 2960 Sst.
965 2909 996 2974 Ι,
1010 2926 1023 2960 2
1035 2947 1043 2974 ‚
1054 2913 1088 2977 74
1098 2929 1106 2974 ;
1118 2907 1212 2962 Sencc.

139 2997 222 3068 Epist.
238 2997 321 3048 xvu
331 3037 339 3061 ,
351 2997 450 3062 cm,
461 2995 563 3060 CXIX,
576 3007 600 3048 et
612 2994 684 3047 olibi.

174 3095 245 3146 Νοτ.
276 3113 300 3164 7.
317 3096 350 3145 At
363 3095 447 3166 finge,
459 3113 552 3166 punem
567 3095 660 3154 etium,
672 3105 697 3145 et
707 3111 790 3166 pauca
802 3091 860 3144 hcc
871 3131 878 3156 ‚
890 3108 949 3162 qun
962 3102 1054 3142 natura
1067 3089 1213 3154 desiderat,

140 3197 254 3250 qunque
262 3181 334 3228 inani
340 3178 424 3230 ventri
436 3177 580 3249 implendo,
588 3189 613 3229 et
626 3177 687 3228 sumi
696 3173 880 3248 propulsandis
888 3173 1023 3226 sufficiunt
1033 3214 1041 3239 ‚
1052 3173 1099 3225 tibi
1109 3172 1212 3226 deesse:

140 3261 220 3314 satius
234 3273 323 3313 tamen
335 3259 545 3325 est‘mendicare‚
559 3277 637 3330 quum
649 3257 793 3330 parasitari.
812 3256 917 3308 Confer.
934 3255 1008 3308 locus
1021 3254 1132 3308 Luciuni
1146 3255 1215 3308 infru

140 3344 173 3396 ud
184 3363 225 3396 vs.
242 3339 522 3413 157-16612udatus1
535 3373 571 3384 -
585 3342 671 3394 Verba
684 3339 726 3391 illu
739 3358 777 3392 vs.
792 3343 807 3390 6
822 3350 847 3390 et
861 3357 876 3408 7
888 3339 1002 3410 parasito
1015 3356 1121 3410 quoque
1133 3337 1215 3390 tribui

141 3439 269 3499 possuut,
290 3439 315 3477 ct
327 3429 421 3498 justum
434 3427 495 3478 visse
508 3425 566 3478 tulis
580 3424 775 3478 excusationem
788 3423 931 3475 continere.
953 3419 1006 3474 Sed
1025 3421 1060 3472 itu
1073 3433 1156 3494 poete
1175 3439 1216 3474 se·

141 3509 250 3582 sponsio
268 3528 308 3561 vs.
327 3511 344 3559 8
357 3527 412 3579 seq.
430 3507 509 3560 nimis
520 3509 631 3579 abrupto
646 3505 765 3572 videtur,
783 3517 809 3558 et
821 3506 900 3558 verba
913 3520 1001 3555 ventre
1017 3506 1080 3556 nisi!
1089 3506 1216 3573 siugulim

141 3595 197 3643 uoci
207 3591 326 3664 pumsito
338 3609 432 3662 purum
444 3602 513 3662 apta.

175 3686 247 3738 Nor.
269 3685 296 3736 8.
314 3687 416 3752 crepido
433 3695 459 3735 et
472 3704 537 3751 pons
556 3685 630 3750 locu,
652 3683 698 3734 ubi
715 3681 831 3734 mendici
850 3681 943 3753 stipem
965 3699 978 3732 s
999 3680 1216 3752 pretereuntibus

142 3781 246 3842 petunt.
264 3771 305 3821 De
313 3781 388 3834 ponte
399 3766 462 3820 vide
474 3766 506 3819 ad
520 3767 569 3832 IV,
584 3769 643 3832 116,
657 3778 683 3819 et
694 3765 771 3830 XIV,
786 3762 844 3826 134.
856 3793 892 3804 —
905 3765 1006 3832 crepido
1015 3764 1091 3815 locus
1100 3762 1217 3814 eminen-

142 3851 193 3904 tior
206 3852 234 3903 in
248 3851 323 3923 ripa,
345 3850 372 3901 in
392 3850 522 3921 portubus
543 3848 729 3913 interioribus,
749 3847 783 3899 ud
802 3864 881 3918 quem
902 3864 981 3898 naves
995 3845 1128 3916 appellunt
1145 3845 1217 3914 (vid.

143 3935 273 3988 Schesser.
289 3935 328 3986 Re
341 3933 406 3986 Nav.
419 3953 446 4005 p.
461 3931 523 3998 213,
537 3944 563 3984 et
576 3933 641 4004 intp.
658 3931 731 3984 Curt.
747 3932 796 3997 IV,
812 3933 862 3999 5),
881 3931 910 3981 in
923 3948 1015 3995 muro,
1030 3929 1071 3981 vel
1085 3929 1161 3994 vico,
1174 3929 1217 3982 vel

144 4030 232 4088 ponte.
247 4018 341 4070 Talem
354 4017 461 4084 locum,
476 4017 510 4068 ab
522 4034 651 4087 equorum
663 4027 689 4068 et
699 4031 827 4066 curruum
838 4012 879 4066 viu
894 4024 1057 4084 separatum,
1070 4013 1180 4064 Lutetia
1188 4011 1217 4064 in

147 4107 221 4154 Ponte
234 4105 306 4152 Novo
317 4099 407 4152 videre
418 4113 472 4166 est3
486 4099 584 4170 Grang.
599 4129 634 4140 -
651 4103 737 4167 Tege,
747 4113 875 4169 gausape,
884 4115 930 4148 seu
940 4107 1017 4148 matta
1028 4114 1059 4148 ex
1067 4099 1160 4168 junco,
1169 4113 1217 4150 seu

147 4185 282 4253 cannabo,
302 4185 408 4258 scirpo,
428 4197 478 4243 etc.
503 4198 661 4253 tegumentum
681 4203 711 4238 se
732 4182 820 4238 cubile
833 4180 1028 4242 mendicorum,
1041 4180 1139 4248 utvs,
1156 4198 1236 4255 ιη,
