3056 4984
450 360 637 427 SATIRA
665 361 842 426 SEXTA.
1116 363 1177 441 tls

109 475 213 538 Ferre
233 487 327 566 potes
346 471 517 540 dominam
534 472 631 544 salvis
647 489 698 544 tot
715 476 857 544 restibus
873 475 996 545 ullam?
1145 492 1178 546 30

109 581 229 668 Quum
246 596 381 676 pateant
397 581 470 651 altae
487 581 733 679 caligantesque
751 584 929 654 fenestre?

107 689 229 777 Quum
246 691 304 760 tihi
320 690 468 759 vicinum
484 715 519 760 se
535 694 683 786 praebeat
698 692 851 762 AEmilius
869 693 976 788 pons?
1027 693 1030 704 ’

108 799 179 866 Aut
195 801 225 868 si
241 800 281 869 de
297 799 410 870 multis
426 799 537 872 nullus
553 801 664 896 placet
680 803 802 890 exitus,
821 802 905 874 illud
1011 873 1015 880 .

109 909 239 977 Nonne
256 925 352 1004 putas
368 910 504 996 melius,
524 911 615 1004 quod
632 926 744 981 tecum
761 911 857 1004 pusio
873 909 1019 980 dormit?

111 1017 232 1104 Pusio,
249 1019 306 1112 qui
322 1033 427 1088 noctu
443 1044 512 1087 non
529 1019 654 1116 litigat,
669 1021 771 1116 exigit
786 1045 805 1088 a
823 1035 855 1088 te
1148 1032 1181 1085 35

111 1126 217 1196 Nulla
229 1128 346 1220 jacens
364 1129 430 1198 illic
446 1129 660 1216 munuscula,
675 1155 739 1199 nee
754 1130 918 1224 queritur,
935 1129 1025 1223 quod

113 1238 155 1303 Et
172 1234 269 1304 lateri
286 1262 422 1330 parcas,
441 1263 521 1322 nec,
538 1254 702 1332 quantum
715 1239 830 1332 jussit,
847 1237 993 1308 anheles.
1053 1313 1060 1328 Ι

112 1342 179 1410 Sed
197 1344 306 1439 placet
323 1347 463 1416 Ursidio
482 1346 534 1414 lex
549 1347 638 1416 Julia
654 1374 662 1414 ι
681 1345 799 1416 tollere
815 1347 948 1416 dulcem

113 1455 252 1548 Cogitat
268 1456 430 1527 heredem
448 1459 613 1525 cariturus
629 1470 762 1524 turture
779 1479 917 1551 magno,

114 1562 369 1659 Mullorumque
382 1565 490 1657 jubis,
511 1579 545 1632 et
562 1578 734 1657 captatore
751 1563 904 1662 macello·

114 1671 208 1758 Quid
224 1673 298 1742 lieri
314 1699 383 1742 non
400 1699 497 1768 posse
514 1688 630 1768 putes,
646 1674 674 1742 si
690 1673 847 1770 jungitur
862 1673 930 1742 ulla

116 1779 279 1850 Ursidio?
296 1784 322 1852 si
338 1783 547 1853 moechorum
564 1781 758 1854 notissimus
775 1782 857 1852 olim

113 1890 223 1960 Stulta
239 1893 384 1961 maritali
397 1893 467 1986 jam
483 1893 629 1988 porrigit
644 1917 703 1961 ora
719 1894 882 1988 capistro,

117 2001 226 2089 Quem
243 2003 343 2072 toties
357 2005 439 2072 texit
454 2003 597 2098 perituri
615 2004 697 2074 cista
713 2001 848 2074 Latini?

120 2266 177 2303 rem
190 2247 298 2307 ducere
310 2250 436 2326 cogites?
453 2251 525 2320 Quae
540 2261 582 2321 te,
595 2252 734 2322 obsecro,
750 2251 831 2308 furia
842 2249 1022 2325 serpentibus
1033 2251 1105 2320 suis,
1123 2270 1185 2324 quse

118 2337 295 2412 intemperiae
308 2341 432 2397 vexant?
447 2343 543 2413 Tune,
560 2361 650 2416 quum
664 2343 718 2398 tibi
728 2353 773 2401 tot
786 2352 954 2420 suppetant,
970 2361 1043 2420 qnos
1058 2341 1186 2398 saucibus

119 2430 257 2501 innectas,
271 2432 382 2506 laquei;
397 2453 485 2510 quum
504 2445 533 2490 te
550 2433 725 2510 praecipitem
738 2451 755 2490 e
768 2443 811 2490 tot
825 2433 973 2506 fenestris,
988 2445 1037 2488 aut
1056 2452 1071 2489 e
1090 2431 1187 2491 vicino

119 2535 204 2596 ponte
219 2524 338 2581 AEmilio
356 2525 480 2600 dejicere
497 2525 605 2600 possis,
625 2527 715 2584 mavis
730 2527 784 2582 sub
799 2525 965 2602 impotentis
979 2525 1102 2582 dominae
1114 2524 1187 2602 jugo

118 2614 205 2675 vium
220 2615 363 2674 infelicem
380 2619 514 2674 trahere?
534 2629 583 2674 aut
601 2619 626 2674 si
643 2620 679 2676 de
700 2619 832 2694 pluribus
847 2619 935 2687 ,vitam
954 2617 1075 2675 finiendi
1093 2619 1187 2676 modis

119 2712 213 2768 nullus
225 2701 332 2788 placet,
345 2732 442 2772 nonne
451 2714 508 2770 hoc
519 2713 605 2770 satius
617 2713 774 2785 existimas,
789 2714 869 2788 quod
883 2724 976 2770 tecum
988 2713 1019 2769 in
1031 2713 1106 2770 lecto
1120 2713 1189 2770 dor·

120 2803 189 2860 mire
201 2805 277 2862 solet
286 2825 392 2880 parvus
403 2825 490 2880 puer,
506 2806 557 2880 qui
570 2826 624 2882 per
636 2816 752 2864 noetem
762 2805 821 2864 illie
834 2816 889 2862 tuae
903 2804 1018 2862 libidini
1029 2805 1187 2879 subjectus,

120 2895 210 2954 nullas
226 2915 354 2972 unquam
370 2896 434 2955 lites
451 2911 565 2968 movet,
583 2900 663 2956 nulle
682 2898 800 2975 exigite
815 2907 843 2954 te
858 2897 1042 2966 muniunrla,
1057 2895 1188 2971 obsequii

121 2990 162 3045 sui
178 2991 324 3066 pretiurn;
348 3011 401 3048 nec
418 2989 563 3066 queritur,
580 3003 614 3047 ut
630 2991 739 3048 faciunt
753 2989 843 3045 avidae
860 3007 983 3062 uxores,
1004 2988 1085 3062 quod
1105 2988 1190 3044 lateri

121 3092 169 3138 tuo
181 3101 299 3158 pareas,
312 3102 365 3139 nec
380 3093 437 3140 tam
450 3083 631 3158 frequentes,
646 3101 732 3158 quarn
741 3081 843 3156 jussit,
857 3080 999 3138 anhelitus
1012 3079 1118 3137 ducas?
1131 3080 1190 3137 Sed

121 3172 195 3232 enim
213 3173 348 3231 Ursidius
366 3177 518 3232 Postumus
535 3186 632 3232 censet
646 3193 758 3232 rnorem
773 3174 933 3250 gerendum
950 3191 1009 3230 esse
1029 3173 1086 3248 legi
1107 3173 1189 3229 Juliae

120 3266 154 3320 ab
169 3269 303 3342 Augusto
322 3265 354 3322 in
368 3267 478 3324 caelibes
493 3267 573 3337 latae3
589 3266 778 3342 quamobrem
793 3263 885 3324 filium
900 3275 929 3322 et
942 3265 1079 3322 heredem
1099 3263 1189 3320 susci-

122 3377 187 3432 pere
201 3357 341 3428 destinat,
358 3357 488 3434 quamvis
502 3357 643 3436 intelligat
655 3358 711 3414 sibi
725 3377 786 3415 non
800 3357 950 3415 donandos
964 3357 1096 3432 deinceps
1108 3357 1189 3424 sore,

121 3451 144 3508 si
160 3470 288 3508 uxorem
305 3451 437 3522 duxerit,
456 3471 575 3530 magnos
595 3461 741 3521 turtures,
758 3450 892 3506 barbatos
911 3450 1031 3530 mullos,
1050 3460 1079 3510 et
1097 3459 1191 3506 cetera

122 3543 152 3599 id
169 3562 262 3620 genus
279 3562 414 3614 munera,
434 3563 497 3618 quae
515 3542 546 3600 in
562 3543 683 3600 macello
703 3553 838 3598 coemunt
857 3552 1016 3615 captatores
1033 3542 1190 3599 alienarum

121 3636 335 3706 hereditatum,
359 3636 496 3712 orbisque
516 3647 566 3692 aut
583 3634 678 3692 viduis
697 3633 868 3711 largiuntur.
896 3633 953 3690 Sed
975 3633 1046 3708 quid
1068 3643 1110 3688 est
1134 3643 1192 3688 tam

122 3729 246 3787 monstri
263 3730 373 3800 simile,
392 3729 473 3806 quod
485 3748 546 3787 non
557 3741 689 3804 putemus
702 3725 766 3784 fieri
778 3746 876 3806 posse,
890 3727 915 3785 si
926 3745 1047 3784 uxorem
1058 3725 1192 3782 Ursidius

124 3825 229 3882 ducere
244 3824 335 3898 velit;
350 3824 374 3883 si
390 3825 468 3900 ipse,
484 3836 604 3900 propter
617 3821 758 3895 adulteria
773 3841 823 3878 sua
836 3820 1018 3891 notissimus,
1030 3820 1089 3894 jam
1107 3820 1192 3876 certis

124 3915 238 3972 honesti
253 3915 431 3972 matrimonii
444 3915 555 3992 legibus
572 3927 601 3988 'et
611 3913 683 3991 jugo
697 3933 726 3972 se
739 3915 857 3970 stultum
871 3912 996 3988 obliget,
1008 3929 1094 3984 quem
1107 3911 1193 3968 toties

125 4007 192 4063 cista
206 4008 376 4078 obtectum,
392 4008 482 4064 instar
496 4008 591 4064 Latini
603 4007 684 4062 mimi
697 4007 728 4063 in
738 4024 821 4062 scena
834 4004 925 4062 simile
937 4003 1007 4079 quid
1019 4003 1192 4070 exhibentis,

127 4099 253 4157 alurore
265 4111 295 4156 et
307 4100 403 4178 gladio
414 4100 509 4158 mariti
520 4101 681 4177 periturum
692 4099 816 4159 servavit
825 4097 955 4156 adultera
965 4094 1085 4152 mulier?
1100 4097 1192 4154 Immo
