3130 4986
321 443 382 516 124
466 439 636 504 VARIAE
664 439 954 506 LECTIONES
986 441 1048 506 ET
1077 441 1229 507 NOTAE

315 543 740 620 demquesugustammbtineret.
753 538 1387 636 porrumrnaeatmssdeimpenq,qmdtuu

316 631 477 702 temporibus
489 632 515 684 vi
530 631 689 702 rapiebatur.

351 775 416 822 Vsa.
438 773 926 840 107.Expmsum‚19,-1afaciem,
945 786 990 834 rs,
1008 779 1054 838 15,
1072 779 1120 836 25,
1139 779 1187 835 45,
1204 778 1251 834 46,
1272 784 1321 837 47,
1336 786 1388 838 49,

318 856 365 913 50,
380 857 428 914 56,
441 859 484 917 57,
498 859 547 916 58,
562 860 679 922 60-69,
695 867 805 919 71-74.
819 857 925 922 Insaeie
935 860 992 917 alii,
1006 859 1078 908 etism
1092 859 1202 908 Hennin.
1214 858 1283 924 quod
1295 857 1388 923 probat

317 940 390 986 Heln.
403 949 431 987 ut
441 958 494 990 non
502 943 637 1007 jungantur
648 942 721 990 verba
733 941 815 1008 dignis
825 942 849 990 in
854 941 1078 1010 faeiempmssum,
1092 943 1135 992 sed
1145 940 1246 1009 injiacie
1255 939 1387 990 crunam

310 1037 529 1087 panempressum.

351 1115 419 1172 Nor.
442 1134 500 1188 ¹⁰7·
517 1143 528 1164 ι
540 1117 611 1170 Otho
623 1117 703 1172 fuisse
712 1117 823 1172 traditur
832 1117 1020 1172 munditiarum
1031 1137 1104 1190 pene
1114 1117 1299 1182 muliebrium
1310 1115 1388 1170 vulso

232 1261 236 1272 ¹
315 1216 444 1270 corpore:
457 1202 522 1272 quin
534 1213 559 1253 et
571 1201 664 1254 faciem
676 1201 794 1276 quotidie
806 1203 930 1267 rasitare,
944 1221 973 1256 ac
984 1221 1052 1275 pane
1064 1200 1170 1256 madido
1179 1202 1261 1255 linere
1273 1217 1386 1254 consue·

250 1275 256 1290 ⁸
316 1291 372 1332 tum
389 1301 395 1334 ε
417 1281 497 1354 idque
516 1283 657 1337 instituisse
675 1303 689 1336 a
703 1283 788 1356 prima
805 1285 944 1356 lanugine,
962 1303 995 1338 ne
1010 1286 1133 1338 barbatus
1149 1303 1266 1356 unquam
1284 1295 1360 1336 esset.
1373 1305 1384 1328 ·

316 1362 473 1431 Suetonius,
484 1365 549 1418 oth.
565 1385 623 1438 cap.
640 1385 680 1420 12.
689 1397 724 1407 -
731 1372 843 1418 Pressum
848 1386 952 1436 prem,
968 1366 1103 1421 madidum
1114 1369 1180 1420 lacte
1190 1368 1302 1432 asinino,
1314 1364 1387 1438 quod

317 1445 438 1516 psilotbri
450 1448 509 1501 loco
520 1461 592 1515 erat,
606 1452 734 1522 cujusque
746 1449 815 1502 illitu
825 1448 950 1522 splendor
960 1449 1032 1521 genis
1043 1449 1241 1514 conciliabatur,
1253 1447 1321 1501 facie
1330 1447 1386 1501 sili·

316 1531 393 1600 gineo
407 1531 458 1586 hoc
470 1533 579 1586 tectorio
591 1533 715 1599 inducta,
733 1534 776 1587 vel
789 1546 848 1586 cute
859 1533 910 1586 hoc
920 1545 1061 1605 smegmate
1073 1534 1158 1586 attrita
1171 1532 1237 1604 (vid.
1252 1532 1387 1604 Ileyuium

316 1626 342 1667 et
352 1615 492 1688 Scaligen,
506 1617 583 1672 Obss.
599 1619 627 1670 in
638 1619 737 1673 Tibull.
750 1618 781 1684 1,
797 1619 831 1684 8,
848 1621 891 1687 rr)
903 1637 909 1671 :
928 1635 988 1670 nam
1000 1617 1090 1670 molles
1107 1617 1218 1670 Romani
1233 1641 1245 1662 ι
1257 1628 1344 1668 cutem
1357 1615 1387 1667 in

318 1698 410 1754 faciem
425 1701 527 1772 erugari
542 1704 602 1769 (vel
611 1705 727 1772 exandi)
741 1714 766 1755 et
778 1713 954 1766 tenerescere,
974 1713 999 1754 et
1017 1699 1158 1755 candorem
1178 1697 1305 1752 custodiri
1320 1698 1388 1752 lacte

317 1782 419 1835 asinino
432 1784 574 1854 putabant3
589 1783 660 1838 unde
670 1784 799 1857 Poppaea,
812 1803 879 1838 uror
887 1784 1016 1850 Neronis,
1030 1801 1199 1856 quocumque
1211 1783 1250 1834 ire
1263 1781 1387 1852 contigis-

318 1877 372 1931 set,
384 1885 474 1919 secum
486 1881 619 1921 sexcentas
630 1869 720 1922 asellas
730 1867 859 1934 ducebat,
873 1892 883 1913 ·
897 1869 919 1921 si
930 1866 994 1920 fides
1005 1865 1124 1919 habenda
1136 1864 1221 1917 Plinio
1231 1904 1238 1930 ,
1248 1862 1388 1928 XXVIII,

321 1963 362 1999 12.
376 1946 455 2018 Apud
465 1949 605 2015 eumdem,
620 1951 667 2004 lib.
679 1949 735 2010 XI,
751 1969 809 2022 cap.
824 1956 870 2016 ἧι,
882 1967 928 2002 seu
941 1953 992 2017 96,
1006 1947 1062 2002 brec
1075 1947 1215 2019 leguntur:
1231 1971 1242 1992 ι
1256 1945 1310 1998 Lac
1320 1962 1389 1998 cras·

318 2031 449 2086 sissimum
460 2034 552 2100 asine,
562 2034 634 2108 quod
643 2035 763 2090 conferre
773 2034 873 2106 aliquid
884 2047 910 2088 et
917 2034 1026 2089 candori
1037 2035 1067 2086 in
1077 2033 1217 2086 mulierum
1229 2044 1289 2085 cute
1299 2030 1389 2084 existi·

319 2129 413 2170 matur.
426 2118 536 2190 Poppaea
547 2131 617 2172 certe
624 2121 779 2192 quingentas
789 2137 878 2172 seeum
887 2139 935 2191 per
942 2119 1029 2172 omnia
1037 2116 1142 2170 trabeas
1152 2117 1226 2182 Ietas,
1236 2115 1389 2168 balnearum

319 2199 396 2254 etiam
408 2201 474 2254 solio
486 2214 570 2256 totum
584 2221 679 2275 corpus
691 2203 737 2255 illo
749 2202 817 2254 lacte
829 2202 992 2267 macerabat,
1007 2198 1111 2252 extendi
1121 2217 1227 2271 quoque
1236 2209 1323 2251 cutem
1334 2215 1390 2250 cre·

319 2283 392 2338 dens.
407 2310 417 2332 ι
431 2286 505 2340 Idem
514 2287 549 2340 de
558 2287 671 2361 Poppea
680 2299 808 2342 memorat
818 2286 870 2338 Dio
881 2285 984 2338 Cassius
994 2325 1002 2351 ,
1016 2284 1107 2348 LXII,
1117 2301 1178 2356 pag.
1190 2287 1240 2352 714
1251 2322 1259 2346 ,
1273 2282 1320 2334 ubi
1331 2282 1387 2334 vid.

319 2367 433 2436 Reimar.
448 2381 512 2422 tom.
524 2370 551 2420 Il
561 2410 569 2435 ,
580 2388 640 2442 pag.
657 2375 742 2436 rosi,
758 2372 817 2434 146.
832 2369 931 2424 confer
942 2368 1010 2420 infra
1023 2366 1056 2420 ad
1066 2367 1117 2432 VI,
1129 2363 1279 2436 aibr-473,
1291 2383 1323 2418 ex
1334 2382 1389 2436 quo

319 2451 378 2504 loco
390 2465 461 2506 recte
469 2494 477 2520 ,
494 2453 599 2527 opinor,
613 2455 783 2508 Casaubonua
797 2452 841 2523 (ad
860 2453 926 2506 Hist.
946 2454 1014 2523 Aug.
1027 2468 1087 2522 pag.
1102 2451 1146 2518 aa)
1158 2447 1278 2520 collegit,
1294 2465 1389 2515 putreat

294 2547 298 2564 “
319 2533 398 2588 istum
410 2554 464 2589 nou
476 2536 556 2590 modo
569 2555 600 2590 ex
610 2557 690 2610 oryza
701 2551 726 2590 et
737 2538 815 2603 fabis,
826 2550 855 2590 ut
862 2536 933 2609 apud
940 2534 1058 2589 Medicus
1069 2535 1096 2586 in
1107 2532 1296 2605 compositione
1306 2531 1388 2604 psilo-

318 2615 440 2671 tltrorum
453 2619 580 2690 legimus,
591 2618 637 2673 sed
649 2621 728 2674 etiam
742 2640 774 2674 er
786 2620 868 2674 farina
881 2619 999 2690 siligines
1013 2617 1110 2670 factum
1121 2633 1184 2670 esse.

355 2763 421 2811 Vsa.
442 2763 498 2810 108.
511 2765 541 2810 In
551 2763 653 2826 Assyria
658 2763 705 2829 pt.
718 2767 742 2812 S.
753 2765 810 2812 urbe
820 2763 919 2831 (Nino,
927 2763 1004 2826 eapite
1015 2761 1112 2825 imperii
1123 2761 1283 2824 Assyriorum
1296 2770 1320 2808 et
1330 2757 1389 2807 sede

320 2862 420 2910 regum,
433 2847 524 2895 aNIno
534 2863 604 2911 repe,
618 2848 786 2896 Semiramidis
800 2847 903 2904 marito,
913 2843 1028 2908 condita)
1043 2846 1107 2905 conj.
1122 2842 1242 2892 tituto.
1253 2841 1296 2906 qui
1308 2851 1391 2891 umen

320 2928 462 2993 preferebat
474 2929 597 2994 vulgatum
614 2929 640 2976 in
657 2929 758 2992 Assyrio
775 2930 834 2978 orbe
843 2964 852 2988 ,
873 2929 921 2977 hoo
941 2938 992 2989 est,
1007 2927 1035 2977 iu
1051 2927 1168 2992 Assyria,
1187 2942 1231 2973 seu
1243 2925 1272 2972 in
1285 2924 1391 2989 imperio
1414 2981 1419 2998 x

321 3014 433 3078 AssyrIo.

357 3104 441 3156 Anas,
464 3106 532 3170 108,
547 3123 608 3172 ¹⁰9·
622 3105 737 3158 Tantum
757 3106 847 3160 fonnis
863 3107 1030 3180 exploranda
1039 3085 1214 3176 ornandeqtia
1225 3103 1342 3157 studium
1361 3101 1390 3155 in

321 3189 385 3260 ipsis
396 3187 486 3241 castris
503 3201 527 3241 et
542 3190 598 3242 acie
608 3207 642 3242 ne
652 3189 865 3261 impudicissimis
876 3191 983 3264 quidem
995 3189 1259 3260 luxuriosissimisque
1271 3187 1391 3239 mulieri-

321 3271 371 3324 bus
382 3269 483 3323 fuit—
491 3274 564 3338 Quod
572 3273 694 3341 necfscit,
709 3272 807 3325 scillcet
818 3272 846 3325 in
859 3274 948 3327 castris
962 3285 988 3326 et
1000 3274 1065 3326 acie.
1076 3272 1269 3330 -Saatmmis,
1282 3273 1391 3336 Assyria

320 3355 427 3426 regina,
446 3371 499 3406 non
512 3354 593 3425 magis
604 3354 685 3407 animi
700 3355 879 3426 magnitudine
898 3375 928 3410 ac
940 3357 1019 3410 rebus
1030 3355 1124 3428 gestis,
1141 3371 1220 3426 quam
1238 3353 1348 3406 mollitie
1366 3364 1392 3405 et

321 3435 476 3506 Ebidinibus
486 3437 600 3502 famosa,
614 3436 686 3490 unde
694 3449 720 3490 et
727 3440 760 3490 Α.
772 3437 899 3492 Gabinius
908 3459 924 3492 a
933 3439 1075 3502 Cicerone,
1089 3437 1168 3489 Prov.
1179 3435 1256 3490 Cous.
1269 3441 1301 3499 4,
1313 3437 1391 3486 8ου·-

321 3525 395 3575 mmis
408 3522 562 3595 appellatur.
578 3523 618 3574 De
629 3541 659 3575 ea
671 3541 737 3577 voce
749 3526 871 3576 Creruer's
884 3525 1019 3590 symbolik,
1033 3533 1053 3574 t.
1067 3520 1109 3586 II,
1122 3541 1150 3594 p.
1165 3520 1288 3589 67-80;
1302 3532 1321 3572 t.
1336 3519 1392 3585 tv,

323 3627 350 3680 p.
364 3607 424 3670 ass.
436 3635 472 3646 -
481 3607 550 3660 Orbis
560 3608 689 3672 Assyrius,
700 3619 729 3658 ut
736 3608 800 3658 orbis
811 3611 935 3658 Romam
946 3627 956 3664 ‚·
966 3605 1057 3660 onuler
1065 3623 1121 3658 var.
1132 3605 1192 3658 leot.
1203 3635 1238 3646 -
1251 3601 1393 3675 Epitheton

318 3693 465 3760 pharetrata
482 3689 516 3742 ad
528 3689 651 3742 virtutem
665 3701 772 3762 spectat.
791 3689 857 3743 Eam
872 3709 904 3744 ex
921 3689 1088 3742 monimentis
1104 3687 1235 3760 Egyptiis
1248 3686 1393 3740 Kireberns

323 3773 351 3824 in
362 3778 436 3824 Turre
444 3775 521 3823 babel
528 3789 589 3824 cum
601 3789 664 3823 arcu
676 3783 702 3824 et
712 3772 803 3843 sagitta
814 3784 843 3825 ut
850 3773 1028 3845 joculatricena
1041 3771 1162 3836 exbibet3
1174 3769 1287 3824 IIennin.

356 3866 425 3920 Nor.
449 3883 508 3934 ¹⁰9·
532 3869 679 3934 Cleopatra,
701 3867 789 3938 regina
804 3867 929 3940 Egypti,
949 3870 1024 3940 cujus
1044 3865 1166 3919 mollities
1182 3863 1347 3917 notissima¹.
1360 3892 1395 3903 —

361 4089 438 4137 1vu.
448 4090 580 4139 arsaces.
595 4092 643 4151 35,
657 4089 834 4151 simonos.
858 4059 860 4066 ’
881 4086 1394 4147 mvn1,ss;xn1x,sa;u,ssaq.;

326 4174 354 4232 l,
367 4173 407 4232 37,
419 4186 436 4234 9
447 4185 513 4235 seq-3
525 4172 589 4221 Plnt.
600 4172 644 4220 vit.
656 4173 765 4232 Anton.;
777 4171 840 4230 Dio,
884 4169 992 4235 Appian.
1004 4169 1065 4218 Bell.
1076 4168 1122 4217 civ.
1131 4169 1163 4226 V,
1175 4175 1190 4224 4
1201 4181 1251 4229 seq.
