3122 4986
430 490 482 554 IN
505 489 734 555 SATIRAM
757 489 1002 555 OC'l'AVAld.
1054 515 1058 524 ·
1180 488 1244 556 683

182 601 307 667 galenam,
323 616 354 655 ut
368 603 505 670 retiarius,
519 613 617 675 gestat,
629 602 780 668 sedetiam,
801 617 831 658 ut
848 603 957 672 Salius(
965 603 1071 657 Salium
1082 597 1153 656 enini
1163 604 1245 656 inisse

183 699 258 744 eum,
268 702 301 737 ex
312 686 368 740 Sat.
381 686 425 750 11,
439 689 501 751 1²5,
516 690 578 752 126,
591 687 778 758 intelligitur),
787 688 894 738 tunicam
904 705 1004 738 auream
1016 705 1062 740 seu
1073 686 1245 758 pictam,lsoc
1319 713 1325 734 ·

182 777 234 828 est,
248 785 315 822 auro
331 782 357 823 et
370 789 490 843 purpura
502 770 681 842 variegatam,
695 774 773 845 cujus
789 783 902 824 aureum
912 770 1066 843 patagium,
1080 789 1126 824 seu
1135 770 1246 832 limbus,

174 855 210 901 ‘et
221 849 312 907 olavus
331 871 345 908 a
363 855 500 926 superiore
512 858 569 927 ejus
583 867 661 927 parte
673 854 745 908 circa
757 855 847 922 sources
865 852 901 907 ad
920 855 1001 906 imam
1018 871 1095 906 oram
1105 854 1248 920 porn'gr'sufl,

183 943 210 982 et
223 937 350 1002 solemus,
369 938 423 990 hoo
435 950 489 1004 est,
509 938 627 1011 apicem,
645 956 692 992 seu
709 938 809 1012 pileum
822 937 851 990 ln
864 937 926 991 ooni
942 937 1055 991 sormam
1067 935 1248 1006 fastigiatum,

183 1013 333 1087 (κυρὸιισίιιι
341 1021 363 1090 ),
375 1022 423 1092 qni
431 1021 482 1075 sub
495 1034 586 1076 mento
598 1022 716 1078 vincitur
726 1025 808 1090 spira,
826 1021 930 1089 lesciis,
947 1040 1006 1093 quas
1012 1023 1150 1090 jactantur,
1164 1019 1249 1073 libere

182 1114 231 1167 per
241 1098 367 1156 humeros
379 1103 495 1157 fluitant.
504 1115 513 1140 ¹
522 1105 661 1160 Gracchus
671 1104 762 1177 itaque
772 1121 828 1156 uon
838 1101 920 1156 modo
931 1121 987 1156 non
996 1100 1143 1166 erubescit,
1156 1112 1252 1174 sponte

183 1199 294 1252 operam
309 1204 384 1238 suum
401 1205 488 1242 meno
505 1201 646 1262 prestare,
667 1185 714 1242 sed
733 1187 813 1240 etiam
832 1205 864 1238 eo
880 1203 1002 1258 pugnare
1020 1185 1131 1246 habitu,
1146 1203 1201 1256 quo
1215 1183 1251 1237 uls

184 1266 309 1322 omnibus
323 1267 446 1341 dignosci
455 1283 575 1344 poterat,
588 1270 663 1325 nudo
674 1270 765 1334 vultu,
781 1284 861 1342 atque
872 1269 964 1325 saliari
978 1271 1071 1324 tunica
1086 1282 1112 1322 et
1129 1269 1215 1342 epioe.

217 1376 287 1431 Nor.
308 1397 371 1448 ²⁰9·
390 1395 453 1433 aro.
472 1386 579 1444 Secutae,
589 1391 731 1452 spretore
740 1379 785 1433 vel
797 1380 960 1444 munerario,
970 1380 1015 1435 rel
1026 1378 1123 1432 lanista
1133 1377 1253 1450 (quippe

186 1458 232 1528 qui
243 1461 320 1531 paria
329 1461 512 1533 gladiatorum
521 1465 591 1518 inter
603 1483 631 1518 se
645 1464 839 1536 componebat)
844 1467 926 1532 suum
932 1481 1046 1534 pugnare
1059 1481 1113 1514 cum
1128 1463 1251 1525 Graccho,

183 1543 345 1610 ignominiam
360 1549 499 1614 graviorem
506 1551 611 1616 pertulit
621 1551 687 1600 omri
697 1551 817 1611 vuhrsre,
830 1547 884 1600 hoc
895 1559 947 1610 est,
963 1565 1047 1619 quam
1067 1546 1089 1600 sl
1106 1562 1168 1599 oum
1178 1543 1251 1616 peri·

184 1627 253 1682 tiore
259 1629 409 1701 gladiatore
416 1647 596 1706 comparatus,
606 1634 693 1688 victus
707 1632 852 1704 multisque
858 1631 1015 1687 vulneribus
1026 1631 1164 1685 conlectus
1173 1640 1253 1682 esset:

185 1729 249 1767 nam
259 1731 341 1766 manu
361 1715 413 1769 riri
426 1728 453 1769 et
468 1717 545 1770 sortis
556 1727 583 1770 et
598 1717 661 1770 artis
679 1713 817 1789 pugnandi
829 1715 907 1788 gnari
923 1716 1011 1788 perire
1024 1733 1079 1768 uon
1094 1725 1150 1766 tam
1160 1723 1254 1782 turpe,

186 1795 269 1848 immo
287 1797 430 1868 gloriosius
449 1811 504 1866 est,
522 1817 604 1872 qnam
622 1800 742 1853 nobilem
759 1799 879 1860 vincere,
899 1800 992 1871 quiet
1010 1798 1149 1871 imperitus
1168 1806 1209 1848 est
1227 1803 1255 1846 et

186 1879 314 1948 ignavus,
328 1881 522 1954 confestimque
534 1882 612 1955 fugit.
627 1883 753 1937 Gloriosa
763 1883 911 1956 putabatur
924 1900 1010 1947 mors,
1021 1899 1103 1934 manu
1113 1878 1166 1934 viri
1178 1877 1255 1930 lortis

187 1961 277 2025 illata,
301 1977 328 2017 et
347 1965 384 2019 ita
405 1965 533 2020 cecidisse
552 1967 699 2019 maximum
718 1967 812 2019 mortis
832 1965 958 2019 solatium
976 1965 1139 2019 habebatur.
1155 1971 1165 1998 ²
1183 1964 1256 2016 Nota

187 2047 265 2100 Hein.
279 2063 337 2102 est:
355 2075 366 2096 ι
376 2051 442 2104 ileo
452 2052 535 2104 rerba
545 2051 596 2104 rite
609 2050 647 2103 ita
662 2049 839 2121 explicantur,
851 2049 1021 2102 Gladiatores
1031 2047 1102 2100 enim
1117 2059 1196 2117 turpe
1205 2063 1257 2117 pn-

189 2129 364 2196 tabant,ourrr
374 2131 506 2187 deteriore
514 2131 677 2203 comparari,
689 2129 717 2183 id
725 2129 799 2201 quod
808 2129 913 2202 liquide
922 2129 1001 2185 docet
1007 2131 1068 2183 Sen.
1077 2129 1112 2182 de
1119 2129 1198 2183 Prov.
1209 2127 1234 2182 3.
1244 2151 1257 2174 ι

189 2219 393 2285 -lgnominiam
408 2216 512 2288 judicat
530 2214 674 2287 gladiator,
694 2231 755 2267 cum
773 2215 899 2268 inferiore
911 2213 1054 2288 componi,
1072 2211 1175 2279 etscit,
1195 2225 1257 2266 eum

190 2296 246 2349 sinc
261 2296 348 2367 gloria
365 2297 452 2363 rioci,
468 2296 515 2369 qui
533 2297 589 2350 sine
607 2296 730 2369 periculo
743 2297 868 2351 vincitur.
882 2321 893 2342 ι

224 2407 294 2461 Nor.
316 2425 375 2460 arr.
395 2410 484 2460 Libera
497 2410 634 2478 suffragia,
646 2406 764 2480 judicia,
776 2405 922 2461 sententie.
932 2407 1064 2478 Loquitur
1074 2417 1168 2478 poeta,
1180 2407 1258 2477 cujus

191 2491 356 2562 temporibus
371 2511 427 2546 non
439 2489 522 2545 modo
533 2491 644 2563 agendi,
655 2491 703 2545 sed
714 2504 740 2545 et
753 2489 896 2563 judicandi
909 2489 1069 2564 dicendique
1079 2491 1187 2544 libertus
1199 2509 1257 2544 om·

192 2575 272 2628 nibus
289 2574 401 2646 precisa
416 2587 482 2628 erat.
499 2577 572 2628 Vera
584 2588 687 2639 autem,
705 2575 810 2646 opinor,
827 2587 868 2628 est
884 2575 1015 2628 sententia
1031 2576 1133 2645 Grang.
1152 2585 1178 2627 et
1191 2572 1258 2627 doh.

193 2657 240 2729 qni
251 2667 359 2728 putent,
370 2657 405 2709 ab
419 2676 452 2710 eo
466 2655 601 2728 designari
609 2660 734 2727 suffragio
746 2656 864 2728 eligendi
876 2657 1058 2729 Imperatoris,
1070 2669 1097 2710 ct
1106 2656 1204 2729 respici
1213 2673 1259 2722 ea,

193 2757 253 2812 qno
264 2737 333 2792 trad.
340 2741 406 2794 Tac.
420 2739 516 2793 Annal.
530 2740 593 2806 XV,
604 2739 637 2792 65
648 2758 656 2792 ι
667 2764 678 2786 ι
689 2739 771 2792 Fama
783 2739 846 2806 init,
858 2740 986 2794 Subrium
996 2739 1118 2794 Flavium
1131 2758 1192 2792 cum
1202 2757 1261 2792 cen-

192 2825 343 2888 turionihus
354 2825 458 2879 occulto
468 2824 592 2890 consilio,
603 2843 690 2896 neque
699 2835 789 2878 tamen
800 2825 940 2896 ignorante
951 2823 1064 2886 Seneca',
1079 2823 1259 2886 destinavisse,

193 2919 223 2958 ut
238 2920 301 2978 post
321 2907 440 2960 occisum
459 2925 541 2979 opera
563 2907 669 2960 Pisonis
690 2909 826 2961 Neronem
843 2907 906 2960 Piso
924 2925 1033 2979 quoque
1050 2905 1260 2969 interficeretur,
1346 2969 1350 2976 ι

194 2989 396 3063 tradereturque
409 2991 551 3063 imperium
564 2989 682 3055 Seuere,
691 2992 769 3062 quasi
781 2991 896 3064 insonti,
913 2989 1072 3045 claritudine
1085 2989 1215 3064 virtutum
1224 2985 1260 3041 ad

194 3092 327 3127 summum
337 3074 472 3144 fastigium
486 3072 598 3127 delecto.
609 3099 620 3120 ι
630 3105 665 3115 -
672 3079 801 3142 Scaeam,
813 3075 901 3129 virum
914 3074 1076 3146 ignobilem,
1088 3073 1135 3128 sed
1143 3075 1260 3137 Ῑιοιιιιιιι,

196 3170 266 3210 certe
279 3157 365 3211 multo
383 3156 536 3224 meliorem,
552 3156 719 3229 imperioque
735 3155 884 3228 digniorem
899 3159 1014 3212 Nerone.

616 3353 844 3374 §mmmm

233 3508 242 3533 ¹
262 3499 332 3548 Conf.
340 3497 371 3545 de
381 3498 501 3546 Saliorum
511 3498 610 3558 habitu,
620 3501 672 3547 Lis.
679 3503 703 3560 1,
747 3515 793 3564 per
798 3498 917 3547 humeros
927 3499 1061 3548 saoerdotis
1069 3499 1191 3547 fluitantes
1201 3514 1262 3548 oon-

197 3589 270 3639 so,et
281 3577 385 3642 Dionys.
396 3577 484 3642 llalyo.
498 3579 539 3638 11,
552 3592 599 3639 703
608 3576 704 3642 desar-
748 3577 875 3641 spicimns.

195 3659 240 3708 ciis
257 3657 305 3706 illis
318 3667 344 3704 et
358 3655 429 3720 apiae
443 3656 529 3721 Scalig.
546 3655 578 3704 ad
594 3659 705 3715 Fatum,
785 3663 797 3690 ²
814 3656 884 3706 conr
894 3657 928 3704 ad
938 3657 981 3706 sit.
993 3659 1033 3717 11,
1045 3657 1261 3722 705.1nterpretes

196 3755 250 3788 roo.
263 3735 386 3800 apiculum
397 3745 468 3799 atqua
479 3733 624 3802 offendices,
636 3746 660 3786 et
673 3737 705 3786 de
748 3739 797 3788 ltoo
804 3737 861 3787 loeo
870 3738 909 3788 vel
917 3739 1002 3799 silent,
1013 3739 1053 3786 vel
1062 3749 1200 3804 ungentum
1207 3739 1261 3804 ple·

196 3829 248 3867 toto
256 3816 305 3864 hoc
315 3816 371 3864 loeo
381 3825 468 3879 preter
479 3818 572 3866 Ferrar.
581 3817 655 3867 illuct.
667 3819 705 3879 11,
749 3817 820 3882 rique
828 3827 911 3866 nmen
920 3817 995 3866 verbe
1006 3817 1041 3864 sic
1053 3827 1196 3882 exponunt:
1209 3833 1261 3866 arn·

202 3893 705 3961 16,stAnalsct·deRcVestV,a,inpr.
748 3896 853 3946 bitiosns
871 3907 967 3946 mutor
992 3895 1082 3967 majori
1101 3897 1261 3948 cumdolore

198 3972 643 4040 Cuper.Apotheos.llom.p.m.187
655 3991 704 4040 seq.
749 3977 853 4038 ferebat,
873 3976 940 4043 quod
961 3993 1018 4026 oum
1036 3978 1099 4028 adeo
1117 3978 1197 4028 nobili
1213 3997 1261 4045 pn·

198 4054 243 4103 ubi
266 4054 338 4102 etiam
362 4067 394 4100 ex
416 4053 518 4102 Gathar.
540 4052 570 4101 de
592 4063 639 4102 vet.
656 4057 705 4115 ior.
749 4073 823 4124 gnare
837 4060 919 4120 imus
936 4067 1015 4118 emet,
1032 4059 1073 4106 vel
1091 4059 1175 4123 potius
1191 4059 1261 4124 quod

198 4133 287 4183 ronut.
300 4134 327 4192 1,
343 4147 385 4195 aq,
399 4131 529 4196 exhibetur
541 4147 631 4182 numus
647 4149 705 4198 gen·
749 4137 873 4186 (irsoum
887 4137 966 4187 rictu
981 4137 1129 4203 aufugium,
1148 4155 1221 4204 quam
1239 4138 1261 4186 si

199 4213 229 4257 tis
241 4211 374 4274 Pompilios,
382 4210 410 4257 in
421 4225 471 4275 qno
482 4212 565 4260 inscias
576 4212 671 4274 liberas,
682 4223 705 4262 ct
750 4215 818 4266 abeo
829 4217 907 4268 victus
915 4229 978 4267 esset
989 4227 1013 4266 et
1023 4219 1172 4267 vulneratus.
