3130 4986
473 381 663 448 sartan
689 380 891 446 runrm.
1154 385 1212 465 145

146 495 235 561 Dum
251 517 341 561 nora
358 495 516 581 canities,
534 495 615 564 dum
631 494 739 590 prima
755 508 789 562 et
805 509 898 564 recta
913 510 1084 582 senectus,

147 603 236 670 Dum
252 617 410 698 superest
426 603 586 688 Lachesi,
603 603 695 698 quod
713 617 884 697 torqueat,
901 604 1091 698 etpedibus
1108 630 1161 674 me

146 715 249 781 Porto
264 713 370 797 meis,
385 713 483 782 *nullo
501 713 650 782 dextram
667 711 832 782 subeunte
847 713 980 782 bacillo6

194 852 211 886 u
222 822 391 893 Cedamus
407 823 541 918 patria:
558 824 672 890 vivant
688 821 842 891 Artorius
859 824 932 892 istic

148 933 192 1000 Et
206 930 368 1018 Catulus3
384 945 559 1018 maneant,
577 930 634 1025 qui
648 929 785 1024 nigrum
798 929 833 996 in
848 931 992 1000 candida
1002 948 1156 1018 vertunt,
1186 949 1219 1002 to

149 1039 232 1128 Quis
249 1039 348 1109 facile
366 1054 417 1109 est
432 1041 537 1110 aedem
554 1039 762 1125 conducere,
780 1038 936 1126 flumina,
953 1058 1087 1136 portus,

150 1147 351 1216 Siccandam
369 1146 532 1232 eluviem,
551 1147 754 1243 portandum
773 1147 814 1215 ad
828 1148 925 1216 busta
941 1149 1100 1237 cadaver,

150 1259 194 1326 Et
211 1256 366 1351 praebere
383 1270 485 1351 caput
502 1255 639 1324 domina
654 1254 771 1324 venale
787 1255 849 1324 sub
865 1256 969 1326 hasta.

150 1363 334 1452 Quondam
350 1364 386 1433 hi
404 1365 611 1450 cornicines,
629 1379 663 1432 et
677 1363 889 1458 municipalis
904 1390 1014 1436 arene

151 1473 314 1568 Perpetui
332 1474 491 1560 comites,
507 1489 664 1567 notaeque
680 1498 742 1566 per
758 1472 882 1568 oppida
897 1474 1011 1544 buccae
1191 1491 1223 1542 35

151 1585 302 1652 Munera
318 1607 412 1651 nuuc
429 1582 552 1668 edunt,
572 1597 606 1650 et
622 1606 720 1650 verso
737 1581 859 1676 pollice
877 1582 968 1678 vulgi

152 1691 267 1778 Quem
287 1690 371 1759 libet
386 1689 549 1758 occidunt
564 1689 795 1785 populariter:
814 1691 893 1760 inde
910 1693 1034 1760 reversi

153 1801 366 1871 Conducunt
383 1799 525 1886 loricas3
542 1814 576 1868 et
593 1825 654 1868 cur
670 1825 739 1867 non
756 1798 890 1868 omnia?
904 1824 1009 1894 quum
1025 1801 1108 1888 sint,

153 1910 282 1998 Quales
299 1934 340 1977 ex
356 1907 474 1977 humili
491 1932 613 2002 magna
628 1906 670 1975 ad
688 1907 819 2002 fastigia
836 1932 948 1976 rerum

157 2018 314 2098 Extollit,
331 2017 463 2111 quoties
479 2015 585 2085 voluit
600 2019 750 2085 Fortuna
763 2015 880 2108 jocari.
951 2003 957 2015 ⁸
1193 2039 1227 2096 4ο

158 2247 203 2302 lus
217 2247 275 2300 alus
294 2245 384 2300 lessus
396 2243 546 2320 deposuit,
564 2245 632 2301 dum
652 2243 793 2318 incipiunt
810 2253 940 2298 recenter
958 2262 1105 2300 canescere
1124 2243 1232 2318 capilli,

158 2343 228 2400 dum
239 2340 357 2408 viridis,
376 2339 499 2396 necdum
511 2341 628 2396 incurva
644 2339 716 2394 mibi
731 2349 860 2438 sepectus
877 2350 937 2406 est,
954 2348 981 2395 et
993 2339 1086 2395 adhuc
1100 2339 1232 2395 Lachesis

158 2431 245 2488 habet
255 2431 369 2506 aliquid
377 2431 434 2488 mei
445 2431 571 2487 staminis
586 2431 778 2502 volvendum,
793 2430 910 2506 ipseque
922 2429 1043 2505 pedibus
1054 2431 1129 2487 belle
1140 2431 1233 2502 nitor,

161 2535 189 2581 et
204 2543 303 2580 carere
316 2524 421 2580 baculo
433 2542 495 2579 mea
510 2523 610 2579 dextra
624 2533 728 2598 potest.

202 2614 372 2691 29.0Patria
381 2635 447 2672 sane
456 2615 647 2672 discedamus:
659 2617 688 2672 in
701 2635 731 2672 ea
742 2613 983 2697 vivantArtprius
993 2626 1022 2671 et
1031 2607 1147 2674 Catulus
1157 2615 1233 2675 uilis·

163 2707 226 2766 simi
237 2708 370 2764 homines
383 2730 390 2763 :
404 2707 445 2762 ibi
454 2720 685 2779 commorentur,
697 2708 747 2784 qui
759 2708 841 2784 nigra
856 2700 910 2784 pro
923 2707 1070 2780 candidis,
1085 2731 1172 2786 prava
1181 2730 1236 2787 pro

164 2799 249 2856 rectis
267 2799 393 2854 habeut:
407 2799 457 2873 qui
471 2800 582 2855 lucrum
598 2800 655 2856 vile
673 2812 818 2857 sectantur
829 2819 862 2856 ex
877 2819 911 2856 re
922 2801 1068 2875 qualibet,
1087 2822 1140 2860 nec
1152 2804 1238 2860 dubi·

166 2901 228 2946 tant
240 2891 268 2945 in
278 2909 308 2946 se
320 2891 449 2964 recipere
459 2903 538 2946 certo
548 2891 643 2965 pretio
655 2891 773 2949 aedilicia
784 2891 952 2960 reficienda,
965 2894 1011 2948 vel
1021 2895 1156 2966 locanda3
1168 2916 1239 2970 pur-

164 2983 257 3058 ganda
274 2979 413 3051 flumina,
434 2981 593 3050 faciendos,
609 2984 655 3038 vel
670 2979 845 3068 reparandos
859 2995 977 3057 portus3
992 2985 1119 3043 sordese
1136 2987 1240 3044 cloacis

166 3073 316 3141 eluendus3
331 3073 370 3128 ad
384 3093 487 3149 rogum
501 3075 647 3131 efferenda
659 3076 812 3146 cadavera3
831 3088 859 3133 et
871 3077 983 3133 venales
999 3097 1097 3135 servos
1107 3081 1240 3138 auctione

165 3169 237 3229 facta
255 3171 374 3249 publice
396 3166 523 3222 dominis
541 3165 705 3223 *ementibus
728 3169 943 3242 proponendos.
967 3169 1046 3225 Olim
1064 3170 1112 3226 isti
1132 3170 1241 3248 patulas

167 3267 259 3324 lauces
282 3263 415 3321 locabant
436 3261 467 3316 in
490 3259 652 3334 municipiis
671 3259 708 3315 ad
730 3257 868 3316 inflandas
888 3259 930 3316 ibi
953 3261 1107 3332 buccinas;
1129 3274 1158 3320 et
1177 3265 1242 3320 noti

167 3361 256 3436 vulgo
271 3367 353 3414 erant
367 3357 398 3409 in
406 3351 630 3426 municipiorum
642 3369 742 3421 arena,
755 3352 863 3408 scilicet
874 3352 1100 3426 amphitheatro,
1114 3354 1241 3412 ubiedc-

168 3451 275 3506 bantur
283 3447 346 3505 ludi
356 3441 533 3521 gladiatorii,
542 3443 572 3497 in
582 3440 687 3516 quibus
696 3442 807 3500 assidue
815 3444 957 3499 navabant
967 3463 1100 3518 operam:
1111 3465 1187 3502 nuuc
1195 3465 1240 3503 ea-

169 3545 233 3602 dem
246 3543 363 3618 ipsimet
376 3537 466 3596 edunt
474 3535 632 3610 spectacula
642 3536 699 3590 suis
707 3533 859 3609 impensis,
873 3547 901 3592 et
910 3535 1011 3611 populi
1023 3548 1165 3612 captantes
1175 3558 1240 3614 gra-

170 3637 252 3704 tiam,
269 3633 307 3690 ad
321 3628 448 3704 ejusdem
461 3638 562 3684 nutum
574 3627 702 3696 inversa,
716 3636 750 3681 ut
760 3624 808 3697 lit,
822 3646 909 3682 manu
918 3621 1123 3702 significatum,
1135 3630 1242 3686 tollunt

169 3749 185 3786 e
199 3727 313 3792 medio,
330 3737 541 3797 quemcumque
551 3717 684 3787 libuerit;
702 3716 788 3773 iidem
803 3718 839 3773 ab
851 3718 970 3774 edendis
981 3719 1056 3775 ludis
1068 3719 1188 3794 digressi
1200 3722 1242 3778 la-

171 3821 258 3876 trinas
274 3813 441 3891 purgandas
462 3808 645 3876 conducunt;
668 3818 696 3862 et
716 3807 810 3863 omnia
829 3807 945 3882 quidem
965 3808 1148 3877 conducunt,
1168 3811 1241 3868 nihil

169 3909 321 3967 sordidum
340 3907 521 3978 respuentes,
542 3898 611 3956 dum
631 3899 743 3954 lucrum
760 3897 828 3953 inde
845 3893 1007 3972 proveniat.
1034 3901 1093 3954 Nec
1116 3900 1239 3972 mirum,

171 4020 256 4078 quum
270 3997 330 4055 slut
343 4015 378 4052 ex
392 4013 428 4050 eo
440 4007 544 4069 genere
555 3983 720 4059 homiuum,
735 4009 809 4064 quos
817 4009 851 4045 ex
863 3987 964 4045 infimo
976 3991 1041 4044 loco
1052 3989 1089 4044 ad
1099 3999 1241 4050 summum

169 4093 263 4152 evehit
277 4091 413 4158 tortum,
429 4082 541 4160 quoties
551 4081 656 4157 jocari,
671 4091 700 4140 et
712 4083 847 4139 mortales
862 4080 955 4139 voluit
971 4077 1111 4138 deridere.

255 4181 282 4246 I.
1051 4191 1090 4234 ro
