3056 4984
464 455 653 524 suarna
679 457 856 524 suurn.
1130 461 1192 550 373

125 571 336 660 censebunt,
352 589 511 668 tanquam
527 572 623 642 farnae
640 571 819 642 discrimen
835 587 971 668 agatur,
1142 591 1194 644 500

126 685 192 752 dut
204 685 326 754 animae
341 708 349 753 τ
366 698 458 752 tanta
471 697 522 752 est
536 683 709 777 quaerendi
723 709 803 753 cura
817 681 963 754 decoris!

125 793 188 860 Tot
202 793 327 886 premit
341 791 532 877 ordinibus,
547 804 599 858 tot
613 789 723 861 adhuc
740 793 957 887 compagibus
971 791 1076 864 altum

126 900 283 971 AEdificat
296 915 415 996 caput3
431 900 692 969 Andromachen
705 925 725 968 a
738 899 851 970 fronte
865 901 1010 989 videbis3

126 1012 208 1078 Post
221 1011 336 1080 minor
352 1024 426 1078 est:
441 1008 557 1078 credas
570 1007 679 1076 aliam.
695 1008 806 1096 Cedo,
821 1009 848 1078 si
862 1011 965 1079 breve
976 1012 1076 1106 'parvi

124 1120 250 1190 Sortita
263 1138 315 1191 est
326 1121 438 1192 lateris
452 1120 615 1215 spatium,
630 1119 832 1214 breviorque
848 1121 982 1190 videtur
1143 1137 1193 1194 ⁵05

123 1229 266 1324 Virgine
279 1235 451 1324 Pygmaea,
466 1229 568 1298 nullis
582 1228 696 1322 adjuta
709 1230 903 1316 cothurnis,

125 1343 166 1410 Et
181 1339 265 1409 levis
281 1355 392 1409 erecta
408 1323 638 1432 consurgit'ad
655 1337 768 1408 oscula
785 1337 920 1434 planta?

171 1447 276 1519 Nulla
290 1449 354 1517 viri
369 1472 449 1518 eura
462 1449 608 1534 interea,
622 1473 686 1517 nec
700 1449 828 1517 mentio
845 1447 905 1518 fiet

124 1561 360 1628 Damnorum·:
376 1559 464 1629 vivit
479 1573 638 1652 tanquam
653 1558 764 1626 vicina
780 1559 912 1628 marito.

124 1671 199 1737 Hoc
212 1667 285 1736 solo
299 1668 449 1762 propior,
464 1667 556 1762 quod
568 1668 692 1738 amicos
708 1667 964 1762 conjugisodit,
1143 1686 1192 1740 510

122 1781 166 1847 Et
180 1801 315 1864 servos,
330 1779 439 1872 gravis
453 1793 505 1860 est
519 1778 713 1848 rationibus.
728 1780 816 1846 Eece
830 1776 973 1848 furentis

122 1885 290 1974 Bellonae,
306 1887 488 1982 matrisque
504 1887 607 1956 deum
622 1887 744 1957 chorus
760 1885 882 1972 intrat,
896 1903 931 1956 et
946 1888 1065 1982 ingens

123 1995 279 2081 Semivir,
293 1996 450 2065 obscoeno
465 1993 569 2067 facies
583 1994 770 2065 reverenda
781 1995 923 2083 minori,

123 2104 241 2174 Mollia
256 2105 314 2198 qui
328 2120 427 2200 rupta
439 2107 547 2174 secuit
559 2106 715 2200 genitalia
728 2120 820 2176 testa.

122 2217 194 2284 Jam
212 2214 360 2310 pridem,
377 2213 431 2284 cui
447 2237 547 2286 rauca
563 2217 700 2304 cohors,
718 2217 773 2287 cui
788 2217 1089 2311 tympanacedunt
1142 2234 1191 2292 51⁵

121 2429 211 2486 comis
227 2431 312 2505 prior
328 2431 412 2490 dicet.
430 2432 596 2490 Secundum
615 2434 692 2491 illam
706 2435 767 2492 eliae
782 2444 864 2492 aetate
881 2447 910 2492 et
924 2434 1100 2512 experientia
1117 2433 1194 2492 inle-

121 2521 213 2578 riores
232 2523 480 2596 pronuntiabunt,
495 2525 616 2600 perinde
631 2546 665 2584 ac
682 2526 707 2584 si
721 2527 834 2587 veniret
852 2526 884 2582 in
896 2526 1018 2584 dubium
1036 2526 1127 2598 sama,
1143 2537 1196 2583 aut

120 2612 194 2684 vita3
210 2624 323 2672 tanturn
335 2615 436 2672 lormae
449 2628 626 2693 ornatusque
642 2618 770 2676 studium
784 2621 845 2676 est!
864 2621 909 2674 En
925 2637 1011 2694 quarn
1028 2616 1125 2676 multis
1145 2637 1194 2674 ca-

121 2703 261 2778 pillorum
271 2706 351 2780 quasi
364 2707 627 2768 substructionibus
639 2720 725 2768 ornat
741 2722 899 2786 oneratque
914 2722 1000 2785 ceput
1007 2731 1016 2781 ;
1030 2710 1085 2768 sia
1096 2710 1193 2767 fronte

120 2795 199 2851 illam
217 2796 368 2872 inspicias,
386 2799 501 2874 putabis
512 2803 736 2862 Andromachen
752 2825 759 2859 ε
778 2803 939 2878 detergo,
952 2801 1119 2861 breviorem
1132 2821 1194 2860 esse

122 2886 290 2958 miraberis3
311 2888 395 2946 eliam
409 2889 494 2948 dices.
516 2890 596 2960 Quid
608 2913 680 2952 vero
696 2894 720 2950 si
734 2904 872 2958 staturam
884 2892 977 2952 luerit·
985 2893 1128 2950 minorem
1141 2913 1194 2950 na-
1268 2905 1269 2911 ’

121 2991 180 3050 ets,
194 2981 221 3036 si
232 2983 369 3057 Pygrnaeoe
380 2982 481 3057 puellae
495 3001 548 3056 par
560 2984 616 3055 sit,
628 3005 661 3042 ac
674 2986 761 3043 nullis
773 2997 872 3042 utatur
882 2984 922 3041 ¹ad
935 2995 1072 3041 staturam
1084 3004 1193 3062 augen-

122 3071 188 3128 dam
206 3073 371 3143 cothurnis;
394 3073 419 3130 si
439 3075 510 3132 levis
525 3075 664 3152 agilisque
681 3079 778 3151 planta
792 3087 885 3132 erecta
900 3076 939 3133 ad
954 3076 1096 3132 moecburn
1111 3096 1194 3136 oseu-

121 3165 241 3222 landum
256 3175 316 3222 tota
332 3176 453 3240 cogetur
468 3183 658 3243 consurgere,
674 3188 759 3243 quum
773 3169 828 3224 tibi
841 3169 1136 3227 ridicularidebiturl

162 3254 231 3313 508.
253 3257 316 3312 lstae
334 3273 425 3330 porro
441 3257 572 3330 corporis
583 3260 725 3334 strepitis
738 3259 899 3316 ordinandi=
911 3279 995 3316 curse*
1005 3262 1117 3318 nullum
1138 3262 1194 3321 do-

122 3347 247 3404 mesticis
258 3347 334 3404 curis
345 3346 514 3422 relinquunt
523 3348 620 3406 locum
631 3371 640 3404 ε
651 3350 801 3418 virum-,et
812 3351 1038 3408 detrimentarei
1048 3353 1194 3410 familiaris

122 3438 244 3516 negligit
261 3461 268 3496 :
288 3438 366 3496 haud
378 3459 459 3496 secus
470 3439 710 3512 dominemur,
724 3461 757 3498 ac
772 3442 797 3498 si
811 3442 912 3498 meriti
920 3443 1014 3500 vicina
1030 3457 1116 3516 esset,
1133 3465 1193 3502 uon

122 3532 247 3606 conjnx3
261 3551 297 3588 eo
314 3531 455 3588 duntaxat
470 3532 646 3592 nomine³illi
660 3534 803 3610 propior,
820 3537 901 3610 quod
918 3537 980 3610 ejus
998 3538 1104 3595 amicos
1122 3539 1193 3596 odio

122 3624 310 3702 prosequitur
323 3636 351 3681 et
364 3643 464 3682 servos
470 3666 480 3692 ‚
501 3626 581 3700 quod
594 3625 656 3698 ejus
667 3625 797 3682 fortunas
813 3625 958 3684 imminuit
970 3629 1132 3704 sumptibus
1146 3629 1195 3686 in·

123 3717 313 3793 tempestiuis,
325 3728 354 3773 et
365 3717 502 3782 damnosa
512 3717 716 3793 superstitione
726 3717 874 3793 dilapidat.
890 3722 964 3778 Ecce
978 3721 1053 3778 enim
1064 3721 1194 3798 ingredi-

123 3821 171 3866 tur
182 3809 264 3866 illius
274 3807 683 3866 domumturbasacerdotum
698 3809 821 3868 Bellorm
836 3822 865 3867 et
879 3811 1016 3887 Cybeles,
1030 3811 1077 3868 eui
1091 3825 1194 3886 praeest

123 3900 225 3975 aliquis
240 3919 378 3976 procerus
391 3900 522 3970 semivir,
532 3901 729 3978 ¹Archigallus,
746 3901 828 3974 cujus
843 3901 944 3959 faciem
959 3914 1134 3960 venerantur
1147 3923 1194 3962 re-

124 3992 197 4067 liqui
217 3991 358 4068 dignitate
379 3991 532 4048 inseriores
551 3991 720 4063 sacrificuli3
740 3992 791 4067 qui
804 4004 890 4067 rupta
905 4004 990 4063 testa,
1011 3993 1113 4065 idest,
1130 3998 1195 4052 cul-

124 4085 194 4140 tello
209 4102 245 4140 ex
266 4095 349 4158 petra
367 4083 541 4158 jampridem
557 4083 614 4139 sibi
627 4086 729 4142 molles
745 4085 892 4142 testiculos
907 4086 1046 4157 abscidit3
1067 4088 1114 4146 oui
1135 4099 1194 4146 tota
1251 4085 1252 4088 ’

124 4175 228 4232 cohors
241 4193 341 4232 macas
355 4186 507 4249 arctasque
519 4191 606 4232 voces
619 4175 778 4249 submittit,
794 4177 841 4236 cui
857 4177 964 4236 cedunt
976 4177 1068 4236 infimi
1083 4179 1194 4238 ordinis
