3108 4986
490 364 494 398 l

451 427 641 492 SATIRA
665 424 877 508 QUINTA.
1138 435 1201 524 289

131 539 251 629 'Quod
268 553 362 609 tutos
382 541 483 610 etiam
501 541 580 610 lacit
596 566 615 608 a
631 543 843 636 serpentibus
858 543 950 612 atris.

176 648 305 718 Mullus
323 651 390 718 erit
405 637 559 729 domino,
578 675 678 744 quem
695 653 787 720 misit
802 654 954 740 Corsica,
971 651 1024 723 vel
1040 679 1142 752 quem

130 761 424 832 Tauromenitana
441 787 557 857 rupes,
575 763 711 856 quando
727 789 828 831 omne
845 781 1019 859 peractum
1038 783 1104 855 est,

130 874 171 941 Et
184 871 256 964 jam
274 871 401 940 defecit
417 873 573 942 nostrum
589 897 698 957 mare,
716 873 796 941 dum
813 873 892 969 gula
907 876 1010 961 saevit,

132 983 274 1052 Retihus
290 982 430 1052 assiduis
450 983 584 1077 penitus
601 999 771 1052 scrutante
790 983 929 1052 macello
1172 1009 1206 1075 95

133 1093 308 1178 Proxima,
324 1117 387 1162 neo
405 1095 553 1186 patimur
569 1094 785 1187 Tyrrhenum
804 1118 955 1162 crescere
973 1096 1111 1188 piscem«

134 1203 277 1272 Instruit
292 1227 375 1297 ergo
393 1203 510 1272 locum
529 1203 730 1297 provincia:
748 1203 891 1271 sumitur
907 1203 999 1273 illinc
1034 1211 1038 1220 '

134 1313 233 1401 Quod
253 1329 406 1408 captator
422 1329 510 1382 emat
527 1317 653 1398 Lenas,
673 1313 809 1382 Aurelia
824 1314 958 1384 vendat

135 1423 274 1491 Virroni
291 1448 441 1492 muraena
458 1423 568 1506 datur,
584 1448 658 1516 quae
674 1423 819 1490 maxima
835 1425 928 1492 venit

136 1535 281 1630 Gurgite
299 1535 342 1603 de
357 1533 471 1604 Siculo
490 1561 497 1603 :
516 1559 611 1616 narn,
631 1535 764 1602 dum'se
781 1533 934 1604 continet
951 1539 1084 1624 Auster,
1161 1571 1212 1607 100

136 1647 225 1714 Dum
243 1645 358 1732 sedet,
374 1661 408 1714 et
425 1647 527 1714 siccat
543 1645 693 1714 madidas
710 1646 744 1713 in
761 1670 895 1715 carcere
911 1673 1056 1741 pennas,

136 1757 372 1824 Contemnunt
389 1754 537 1824 mediam
557 1756 734 1822 temeraria
749 1754 816 1823 lina
830 1757 1048 1850 Charybdim.

83 1946 85 1950 Ι
138 1867 205 1934 Vos
221 1863 375 1959 anguilla
390 1879 505 1932 manet
522 1863 630 1959 longae
647 1879 790 1958 cognata
807 1863 969 1951 colubrae,

139 1978 203 2043 hut
220 1974 332 2070 glacie
351 1973 528 2066 adspersus
544 1972 701 2058 maculis,
717 1975 896 2042 Tiberinus
913 1990 947 2044 et
964 1976 1035 2070 ipse

138 2085 291 2155 Vernula
306 2085 472 2178 riparum,
489 2083 627 2178 pinguis
645 2097 797 2150 torrente
814 2083 942 2169 cloaca,
1164 2109 1213 2163 105

139 2197 180 2262 Et
196 2193 317 2262 solitus
335 2193 454 2260 medice
472 2206 626 2286 cryptam
644 2207 823 2286 penetrare
839 2194 989 2264 Suburae.

139 2343 255 2418 scirpea
276 2353 306 2397 et
323 2340 489 2398 arundineae
504 2339 622 2409 lintres,
641 2338 679 2394 ita
695 2340 795 2397 foetens
809 2339 976 2410 stolidum,
992 2353 1025 2398 ut
1035 2346 1216 2407 veneniferos

139 2446 288 2511 serpentes
298 2434 335 2489 ab
350 2433 451 2489 incolis
461 2432 529 2488 tutis
539 2431 638 2507 fugare
650 2431 754 2507 possit3
767 2453 826 2506 quo
836 2451 924 2506 quum
936 2445 1058 2490 utuntur
1068 2435 1098 2492 in
1107 2437 1216 2498 balneis

140 2529 249 2598 Mauri,
263 2545 389 2601 quonam
403 2529 455 2581 'rex
469 2525 523 2580 fuit
535 2525 677 2594 Bocchar,
689 2543 775 2579 nemo
790 2541 853 2578 cum
869 2523 904 2579 iis
915 2525 1004 2580 lavari
1015 2527 1143 2585 sustinet.

178 2641 228 2697 9²·
251 2616 557 2694 Apponetucdomino
569 2617 675 2671 mullus
687 2616 717 2671 in
728 2615 847 2672 Corsico
859 2616 932 2672 mari
948 2623 1061 2692 captus,
1077 2633 1127 2677 aut
1142 2624 1217 2681 circa

141 2732 225 2789 rupes
245 2710 505 2767 Tauromenitanae
526 2711 555 2764 in
575 2708 686 2777 Sicilia,
701 2708 724 2764 si
740 2707 857 2784 quidem
874 2709 991 2785 pelagus
1008 2728 1093 2769 omne
1107 2715 1218 2772 Italiam

140 2807 249 2862 alluens
266 2805 437 2860 exhaustum
451 2811 480 2856 et
495 2801 697 2875 investigatum
717 2809 774 2870 est,
795 2799 864 2855 dum
885 2800 1056 2874 piscatores,
1073 2816 1106 2860 ut
1122 2808 1218 2882 gulam

142 2899 264 2954 divitum
284 2897 434 2970 expleant,
457 2906 484 2950 et
507 2894 629 2950 macello
651 2891 834 2967 suppeditent
854 2893 991 2966 opsonia,
1009 2894 1092 2968 jactis
1110 2899 1220 2956 retibus

140 2991 249 3064 ubique
266 2997 449 3065 grassantur,
467 2998 495 3042 et
511 2987 643 3061 proxima
660 2985 756 3040 littora
776 2985 905 3040 funditus
921 2985 1150 3062 depopulantur,
1166 3011 1219 3048 nec

142 3084 270 3138 minutos
292 3081 383 3155 pisces
403 3079 432 3134 in
454 3081 608 3154 Tyrrheno
626 3097 754 3134 crescere
769 3079 840 3133 mari
857 3079 963 3134 sinunt.
981 3083 1081 3155 ltaque
1097 3085 1219 3156 petenda

142 3187 207 3232 sunt
217 3196 233 3231 e
242 3171 404 3233 provinciis
413 3173 547 3245 opsonia,
559 3189 622 3245 qua
633 3171 663 3225 in
673 3170 774 3225 culinis
783 3169 890 3225 nostris
901 3183 1076 3243 coquantur3
1085 3173 1164 3244 illinc
1173 3176 1221 3232 ad-

142 3268 323 3333 vehendum,
337 3265 415 3339 quod
430 3265 459 3320 in
468 3265 588 3320 macello
600 3275 747 3338 comparet
760 3263 862 3339 grandi
876 3265 993 3337 pecunia
1009 3267 1097 3322 [enas
1109 3269 1220 3326 inhians

142 3361 268 3416 Aureliae
278 3359 358 3413 orbae
368 3357 465 3414 divitis
477 3355 646 3423 hereditati,
659 3355 795 3430 quodque
806 3353 851 3410 illa
862 3355 985 3411 subinde
994 3357 1109 3413 vendat.
1122 3362 1222 3416 Cocnat

142 3469 300 3508 muraenam
315 3449 419 3516 Virro,
434 3469 496 3523 qnae
514 3448 686 3521 amplissima
702 3447 823 3520 rcpcriri
836 3447 930 3521 potuit
943 3447 972 3502 in
984 3449 1170 3525 voraginibus
1184 3453 1222 3510 ad

143 3545 270 3601 Siciliam
288 3535 408 3616 pusilis,
427 3542 464 3596 ad
478 3541 604 3606 mediam¹
617 3540 692 3596 enim
709 3539 883 3614 Charybdim
896 3547 996 3613 ‘usque
1012 3561 1072 3596 non
1090 3555 1222 3600 metuunt

143 3635 292 3694 temerarii
304 3636 460 3708 piscatores
473 3633 625 3708 progredi,
641 3632 678 3686 ad
690 3631 819 3704 jacienda
832 3631 902 3699 lina,
913 3629 981 3686 dum
993 3633 1134 3706 placidum
1145 3655 1223 3694 mare

114 3779 118 3788 ,
145 3729 287 3802 relinquit
304 3729 398 3784 Notus
411 3729 441 3781 in
458 3727 553 3782 AEolio
565 3738 650 3781 antro
661 3726 786 3780 inclusus
799 3733 827 3780 et
840 3725 956 3790 sedens,
970 3743 1001 3780 ac
1011 3727 1157 3784 madentes
1166 3731 1223 3787 alas

143 3824 237 3880 siccat.
255 3823 398 3876 Servatur
413 3818 495 3874 vobis
512 3818 655 3894 anguilla,
675 3818 862 3872 colubrorum
881 3819 1035 3891 longorum
1051 3823 1223 3898 consangui-

144 3935 211 3983 nea,
222 3925 275 3970 ant
285 3911 437 3986 pisciculus
448 3911 513 3966 vilis
528 3909 671 3966 maculosa
689 3910 727 3965 ob
746 3909 846 3964 hiemis
859 3909 977 3982 glaciem
990 3921 1068 3978 cute,
1084 3925 1181 3989 captus
1194 3915 1224 3972 in

144 4007 262 4074 Tiberi,
275 4005 357 4078 cujus
371 4005 449 4078 ripas
464 4013 661 4070 consectator,
678 4019 710 4056 ac
727 4013 823 4075 postca
841 4003 988 4075 saginatur
1000 4003 1134 4060 sordibus
1149 4009 1226 4064 cloa-

146 4120 243 4160 carum
258 4101 289 4155 in
304 4099 416 4155 easdem
431 4097 505 4172 ripas
520 4095 708 4153 defluentium
723 4103 775 4169 per
786 4095 1025 4152 subterraneanos
1037 4110 1161 4168 meatus,
1173 4121 1226 4175 per

149 4213 224 4269 quos
240 4192 344 4248 subter
355 4190 448 4266 ipsum
463 4189 591 4246 medium
604 4187 725 4244 Subura
737 4184 832 4240 vicum
849 4205 879 4242 se
897 4186 1042 4244 insinuare
1057 4191 1109 4246 iste
1125 4193 1207 4248 solet.

239 4283 267 4346 l.
1008 4303 1046 4366 ¹9
