3130 4986
482 479 669 546 SATlRA
697 486 898 551 TERTIA.

150 588 436 685 Discipulumque
446 617 568 681 senex,
587 597 660 690 ripa
675 599 822 668 nutritus
839 600 873 668 in
891 600 962 688 illa,

149 696 199 766 ad
215 722 320 791 quam
337 701 513 795 Gorgonei
531 702 665 799 delapsa
680 721 731 774 est
747 709 853 802 pinna
869 710 996 780 caballi.

148 807 225 876 Non
242 823 296 876 est
313 811 475 878 Romano
490 813 647 906 cuiquam
664 813 755 884 locus
774 817 847 902 hic,
864 817 922 886 ubi
939 835 1057 914 regnat

150 915 361 1010 Protogenes
377 917 518 1012 aliquis,
537 921 590 989 vel
606 921 782 1017 Diphilus,
797 941 854 994 aut
871 928 1105 1014 Erimarchus,
1173 964 1221 1000 no

150 1025 214 1112 Qui
231 1027 348 1120 gentis
364 1029 448 1096 vitio
464 1055 636 1124 nunquam
653 1034 801 1127 partitur
817 1035 979 1123 amicum,

151 1135 245 1204 Solus
261 1137 388 1208 habet:
406 1163 487 1208 nam
504 1165 609 1234 quum
626 1140 757 1212 facilem
773 1142 910 1212 stillavit
925 1145 960 1216 in
975 1170 1090 1214 aurem

148 1245 319 1339 Exiguum
335 1246 379 1314 de
396 1264 524 1320 naturae
540 1250 726 1345 patriaeque
743 1275 893 1342 veneno,

150 1355 284 1422 Limine
301 1358 525 1448 submoveor3
543 1361 722 1454 perierunt
738 1377 890 1458 tempora
907 1363 1000 1459 longi

150 1467 284 1535 Servitii
301 1492 309 1534 :
328 1493 495 1564 nusquam
511 1473 624 1548 minor
640 1487 691 1542 est
704 1473 836 1565 jactura
852 1473 992 1544 clientis.
1173 1495 1221 1546 125

149 1574 249 1662 Quod
266 1601 371 1670 porro
388 1578 523 1666 officio,
539 1605 583 1648 ne
601 1581 697 1650 nobis
713 1581 882 1668 blandiar,
899 1599 957 1652 aut
973 1585 1063 1678 quod

150 1683 310 1777 Pauperis
326 1686 382 1754 hic
398 1689 575 1770 meritum,
593 1691 620 1757 si
638 1704 736 1758 curet
752 1704 851 1760 nocte
869 1706 1002 1788 togatus

149 1792 314 1880 Currere,
330 1820 436 1887 quum
452 1799 581 1866 Praetor
598 1797 754 1868 lictorem
771 1799 937 1894 impellat,
954 1816 988 1870 et
1004 1804 1052 1872 ire

149 1901 363 1997 Praecipitem
377 1904 512 1996 jubeat,
529 1905 657 1975 dudum
675 1908 889 2002 vigilantibus
906 1911 1015 1997 orbis,
1326 1988 1331 1996 ,

149 2012 201 2080 Ne
217 2012 317 2105 prior
332 2012 488 2083 Albinam
505 2031 539 2084 et
554 2016 709 2086 Modiam
726 2017 855 2114 collega
871 2017 1013 2123 salutet?
1172 2039 1221 2092 130

149 2119 272 2189 Divitis
288 2122 345 2191 hic
361 2125 449 2190 servi
467 2124 592 2196 claudit
608 2125 693 2194 latus
710 2119 936 2221 ingenuorum

147 2349 334 2424 praterfluit,
347 2352 384 2408 ad
394 2373 479 2428 quem
489 2357 610 2432 Pegasus
622 2355 692 2412 olim
702 2356 833 2432 delapsus
844 2377 930 2414 unam
944 2377 960 2415 e
972 2358 1107 2416 talaribus
1118 2363 1220 2436 pennis

147 2441 259 2512 amisit;
283 2443 412 2512 Stoicus,
437 2446 572 2521 inquam,
592 2447 661 2517 iste,
683 2467 768 2504 senex
788 2447 931 2522 perfidus,
957 2449 1028 2506 falso
1055 2451 1220 2510 testimonio

147 2535 266 2591 Baream
287 2537 431 2594 Soranum
452 2538 573 2595 amicum
590 2559 691 2609 suum,
711 2541 761 2616 qui
783 2541 845 2616 ipso
868 2537 1045 2617 praeceptore
1060 2563 1127 2600 usus
1141 2558 1219 2617 erat,

148 2628 300 2700 oppressit.
316 2629 396 2685 Nihil
408 2641 451 2686 est
461 2631 573 2688 homini
586 2633 718 2688 Romano
730 2632 787 2690 loci
802 2633 833 2688 in
851 2633 1000 2704 cadomo,
1012 2634 1043 2690 iu
1055 2654 1110 2709 qua
1125 2636 1221 2693 domi-

147 2729 234 2774 natur
243 2719 348 2795 aliquis
358 2723 548 2798 Protogenes,
562 2734 612 2778 aut
622 2723 770 2798 Diphilus,
781 2737 831 2781 aut
842 2725 1043 2797 Erimarchus,
1056 2728 1106 2801 qui
1119 2726 1174 2803 (est
1187 2750 1220 2786 ea

147 2811 317 2867 Graecorum
332 2814 461 2869 omnium
476 2814 588 2871 indoles
604 2826 632 2872 et
645 2813 783 2893 vitium),
802 2835 949 2892 nunquam
969 2817 1096 2873 admittit
1111 2819 1220 2876 socium

147 2903 180 2958 iu
196 2903 318 2959 amicitia
337 2906 453 2979 patroni
471 2907 584 2975 divitis;
602 2926 634 2963 ea
652 2907 710 2963 frui
722 2909 785 2963 vult
802 2909 889 2964 solus.
908 2909 1000 2981 Hujus
1018 2909 1048 2964 in
1062 2930 1145 2967 aures
1157 2931 1219 2970 cre-

148 2993 244 3064 dulas,
261 2996 313 3052 ubi
325 2999 412 3054 semel
428 2998 561 3054 nonnihil
574 2997 687 3054 demisit
701 2999 737 3056 de
753 2998 903 3055 calumniis
914 3010 943 3055 et
955 2999 1220 3073 criminationibus,

149 3111 218 3166 quas
234 3105 312 3150 artes
331 3101 363 3150 ut
379 3093 459 3151 virus
473 3096 509 3150 ab
528 3095 626 3152 indole
643 3106 672 3151 et
691 3115 707 3150 a
723 3095 815 3170 patria
835 3105 983 3169 acceptum
995 3094 1108 3165 hausit,
1126 3095 1221 3170 pellor

148 3185 269 3256 edibus,
289 3186 379 3261 periit
400 3186 537 3243 memoria
554 3185 701 3262 obsequii,
724 3197 774 3242 aut
793 3187 941 3243 servitutis
962 3186 1059 3262 potius
1075 3189 1217 3244 molestis-

148 3278 237 3350 sima,
254 3281 286 3336 in
298 3299 356 3355 qua
369 3281 475 3337 multos
490 3299 580 3336 annos
594 3279 775 3353 consumpsi:
793 3297 932 3353 nusquam
948 3279 1076 3355 gentium
1089 3278 1119 3333 in
1131 3279 1220 3335 levio-

149 3370 186 3427 ris
203 3372 302 3429 manui
322 3373 388 3430 loco
409 3373 530 3448 ponitur
545 3373 656 3429 clientis
666 3372 793 3446 jactura,
816 3392 901 3447 quam
920 3373 1028 3428 Romae.
1048 3375 1218 3446 Quanquam

149 3460 234 3538 (uolo
250 3465 328 3520 enim
342 3463 450 3520 civium
466 3465 630 3520 tenuiorum
645 3484 799 3540 quorume
812 3484 1023 3530 numerosum,
1040 3463 1134 3521 oflicia
1152 3484 1220 3542 erga

148 3559 326 3630 potentiores
336 3557 459 3614 nimium
471 3557 638 3634 venditare)
656 3556 728 3632 quid
742 3567 785 3613 est
797 3557 969 3624 admodum,
988 3558 1019 3616 in
1038 3576 1097 3631 quo
1114 3556 1150 3612 de
1168 3576 1220 3631 pa-

150 3650 240 3706 tronis
254 3649 330 3706 bene
344 3650 442 3706 meriti
453 3669 592 3725 pauperes
610 3669 670 3706 esse
686 3648 850 3719 videantur,
865 3649 918 3705 etsi
932 3649 968 3705 de
984 3660 1070 3706 nocte
1086 3660 1219 3726 surgant,

148 3759 179 3796 ac
189 3751 284 3818 togam
296 3741 420 3798 induere
431 3741 580 3813 festinent,
591 3741 628 3800 ad
639 3761 687 3798 eos
699 3759 783 3796 mane
794 3739 973 3812 salutandos,
986 3760 1074 3815 quum
1085 3740 1138 3814 ipsi
1149 3759 1221 3816 pra-

151 3843 224 3889 torea
235 3845 361 3910 urgeant
373 3833 490 3890 lictores
505 3851 588 3905 suos,
603 3852 635 3890 ac
642 3831 763 3914 jubeant
775 3832 950 3903 accelerare,
965 3831 1132 3888 adsalutem
1145 3851 1217 3888 sum·

148 3942 196 3979 mo
210 3945 293 3982 mane
312 3924 468 3982 dicendam
484 3925 621 3981 divitibus
637 3922 747 3993 viduis,
770 3921 875 3998 quibus
891 3922 965 3978 nulli
983 3934 1049 3978 sunt
1069 3920 1170 3993 liberi,
1191 3936 1220 3981 et

148 4035 214 4091 quas
221 4017 337 4092 jamdiu
348 4027 530 4091 experrectus
541 4035 643 4072 esseae
656 4016 775 4092 vigilare
786 4015 922 4085 audiunt,
938 4035 975 4072 ne
988 4014 1127 4090 quispiam
1138 4016 1219 4092 ipso·

147 4129 208 4166 mm
219 4112 333 4187 collega
346 4109 482 4166 Albinam
494 4121 523 4167 et
535 4108 665 4164 Modiam
678 4107 762 4185 prior
773 4108 899 4165 salutet?
915 4111 1012 4182 Quum
1026 4108 1219 4186 ingenuorum

144 4199 193 4260 filii
209 4201 350 4262 nonnulli
365 4202 541 4260 comitentur
558 4221 611 4278 per
626 4201 746 4272 urbem,
767 4201 887 4258 honoris
905 4221 1019 4274 caussa,
1041 4211 1070 4260 et
1091 4201 1219 4278 ipsorum
