3134 4990
339 419 403 484 δη
430 465 435 474 .
497 418 669 486 vlurn
693 385 991 486 urcrrosus
1015 417 1080 486 ar
1103 419 1260 488 norm

372 533 439 588 Nor.
460 532 520 587 ⁵62.
539 537 619 584 Nemo
633 535 799 598 indemnatus,
810 550 867 584 nou
880 550 928 585 seu
941 551 1080 605 uunquam
1093 532 1254 599 damnatus,
1272 537 1417 608 habemu-

337 617 409 672 dicio
418 617 559 670 hominum
566 617 687 688 vulgari,
697 614 818 686 adeoque
825 616 925 669 hahere
933 617 1072 687 putabitur
1080 611 1212 688 ,genium
1223 620 1345 691 peritiam
1352 623 1416 674 artis

336 704 381 756 vel
392 701 543 774 ingenium
557 701 610 754 uisi
626 701 720 755 maliet
735 701 833 752 habebit
839 703 956 769 gentiam,
977 701 1057 756 Genii
1075 703 1212 771 savorem,
1226 706 1363 759 fortunam
1374 724 1417 759 ee·

336 785 464 840 condam.
476 784 557 838 Cous.
567 785 651 837 Mart.
663 785 719 848 VI,
732 803 780 838 ro:

588 880 701 928 victurus
710 881 805 942 genium
814 882 888 931 debet
897 883 986 930 habere
995 884 1071 940 liber;

335 985 364 1026 et
374 971 445 1033 Vll,
465 987 511 1041 77,
529 976 546 1032 4
561 971 572 1037 (
579 971 655 1020 labes
668 989 716 1020 ree
726 989 770 1020 eor
780 989 827 1022 nec
839 974 967 1042 genium).
984 973 1086 1028 Genios
1102 976 1178 1028 albus
1192 988 1220 1029 et
1233 988 1309 1042 ater;
1330 977 1417 1030 llortt.

337 1055 425 1128 Epist.
438 1055 485 1120 ΙΙ,
497 1073 528 1116 a,
541 1055 591 1108 186
601 1071 657 1126 seq.
668 1052 740 1106 Vide
750 1073 812 1126 sup.
823 1055 858 1107 ad
870 1075 912 1110 vs.
926 1075 969 1110 aa.

372 1149 440 1202 Nor.
460 1149 573 1212 563-4.
595 1150 641 1199 our·
655 1151 706 1199 vix
717 1153 820 1219 contigit
835 1163 891 1204 tam
906 1151 977 1206 lelici
990 1171 1062 1214 esse,
1079 1165 1110 1206 ut
1121 1153 1288 1225 relegaretur
1303 1165 1417 1216 tautum,

336 1255 392 1289 nou
405 1232 583 1296 occideretur,
593 1251 679 1304 usque
688 1237 788 1285 tardem
798 1275 805 1301 ,
816 1235 902 1287 multo
909 1249 971 1308 post
981 1255 1076 1302 annos,
1088 1235 1121 1290 de
1130 1237 1224 1291 exsilio
1234 1251 1414 1293 revocaretur.

338 1352 371 1362 -
386 1321 510 1386 Cyclada,
524 1333 605 1368 uuam
619 1315 810 1389 eGycludibus
822 1317 874 1371 ios.
888 1318 964 1370 verbi
976 1337 1088 1384 caussa,
1100 1323 1224 1388 Seriphum
1240 1335 1268 1374 et
1286 1323 1364 1388 alirs;
1377 1325 1416 1376 vel

336 1422 389 1476 pro
401 1400 497 1474 quavis
509 1400 610 1465 insula,
623 1399 652 1451 in
662 1417 742 1471 quam
754 1399 874 1454 damnati
884 1401 1081 1472 relegabuntur.
1097 1403 1168 1456 Vide
1178 1403 1212 1457 ad
1222 1405 1251 1470 1,
1261 1404 1306 1476 73.
1321 1409 1417 1474 scripto

334 1504 431 1554 pansa,
445 1496 476 1536 ut
490 1484 531 1549 X,
552 1499 601 1552 170
615 1483 660 1551 (et
678 1482 717 1535 sie
729 1482 799 1534 forte
806 1501 960 1550 parvamque
971 1487 1087 1554 Seriphon
1101 1486 1153 1558 leg.
1167 1487 1242 1558 apud
1254 1486 1339 1541 Ouid
1353 1489 1416 1542 tter.

334 1569 406 1634 VII,
418 1569 501 1632 464);
512 1583 574 1617 nam
585 1563 714 1637 Seriphos
725 1563 822 1633 (hodie
831 1568 937 1636 Serfino)
949 1567 1037 1638 putuit
1047 1581 1152 1622 tantum
1162 1570 1278 1625 circuitu
1290 1572 1344 1624 XII
1355 1573 1417 1627 mill.

333 1670 405 1724 pass.
424 1650 487 1704 vide
507 1649 576 1702 Plio.
595 1649 645 1712 IV,
667 1667 719 1715 ιι,
737 1667 783 1702 seu
801 1668 845 1704 as.
866 1648 967 1703 Eadem
985 1652 1036 1704 ins.
1056 1651 1161 1707 deserta
1180 1655 1254 1722 luit,
1271 1670 1300 1710 et
1318 1675 1416 1710 saxosa

333 1733 404 1787 Vide
416 1733 543 1787 Strabou.
561 1732 605 1796 X,
622 1749 686 1804 pag.
701 1733 762 1803 487,
777 1745 806 1786 et
818 1733 924 1787 Jacobs.
938 1732 973 1787 ad
988 1737 1097 1791 Anthol.
1110 1737 1198 1791 Grec.
1211 1740 1269 1793 rol.
1285 1740 1315 1807 Ι,
1330 1741 1360 1828 Ρ..
1377 1741 1416 1806 ll,

332 1838 397 1892 pag.
417 1818 476 1890 175.

367 1970 437 2016 Vn.
456 1967 517 2024 564.
530 1964 645 2015 [antisse
657 1982 705 2029 pro
717 1965 831 2014 caruisse
841 1969 907 2029 conj.
918 1968 1048 2018 Schrader.

368 2065 436 2117 Nou.
456 2061 506 2116 565
519 2078 574 2133 seq.
592 2059 735 2132 Ejusmodi
744 2062 895 2132 astrologos
906 2065 1011 2114 eomulie
1022 2067 1150 2132 Tanaquil
1155 2077 1199 2117 eua
1213 2107 1222 2132 ,
1239 2085 1313 2120 uxor
1322 2068 1415 2128 future,

331 2163 360 2204 et
371 2146 480 2220 quidem
490 2149 522 2198 de
531 2146 709 2213 Iertofurrere,
721 2143 755 2198 de
768 2163 841 2208 aera,
856 2163 903 2199 seu
914 2145 1004 2210 tarda,
1016 2159 1043 2200 et
1053 2147 1132 2201 nimis
1144 2161 1267 2202 morante
1279 2161 1366 2204 morte
1377 2152 1414 2219 (ut

334 2235 392 2298 111,
404 2233 449 2296 43)
457 2233 542 2283 matrt's
551 2243 618 2295 tuse,
633 2245 693 2282 unte
701 2231 792 2283 omnia
805 2245 888 2282 tarsen
898 2235 931 2284 de
940 2248 976 2294 te,
989 2232 1023 2287 de
1031 2245 1078 2288 tua
1089 2248 1190 2300 morte,
1208 2235 1355 2298 Postume,
1368 2249 1414 2289 etc.

332 2321 401 2384 Qun
412 2317 497 2388 impia
506 2328 568 2370 rota
578 2329 636 2369 tum
648 2315 779 2386 temporis
792 2316 941 2388 frequentia
950 2331 1026 2371 eraut
1036 2359 1044 2385 ,
1056 2317 1127 2372 etde
1138 2319 1172 2373 iis
1185 2321 1287 2393 sapius
1299 2322 1415 2374 cousule-

333 2402 433 2454 bantur
441 2399 580 2472 astrologi.
595 2397 667 2452 Vide
679 2397 713 2452 nd
725 2399 783 2464 Ill,
794 2401 836 2462 43.
846 2431 879 2440 -
889 2402 1014 2462 letericcr5
1025 2419 1080 2471 quo
1089 2401 1174 2474 impis
1183 2403 1282 2455 mortis
1293 2422 1354 2476 spes
1363 2421 1415 2456 cre·

333 2486 391 2539 scit.
399 2516 433 2525 -
440 2485 565 2548 letericus,
576 2484 701 2554 ἰκτιρικὸς,
715 2483 797 2536 homo
807 2484 933 2536 laborans
941 2488 1024 2547 ictero,
1036 2487 1134 2538 morbo
1144 2486 1230 2557 regio,
1241 2506 1290 2540 seu
1301 2501 1415 2560 arquato,

332 2571 381 2641 qui
392 2588 407 2622 e
418 2567 472 2620 bile
487 2586 535 2638 per
544 2580 632 2621 totum
645 2587 743 2640 corpur
758 2569 860 2621 suffusa
875 2570 1006 2638 nascitur,
1015 2569 1108 2625 Germ.
1121 2573 1270 2636 Gelbsuclrt,
1281 2572 1416 2641 Galljas·

332 2655 410 2718 nisse,
422 2649 470 2704 Gr.
484 2649 590 2721 ἴκτιρος,
604 2650 638 2702 ab
651 2668 702 2702 are
715 2649 834 2722 ejusdem
846 2651 979 2714 nominis,
993 2671 1052 2724 quse
1067 2673 1139 2718 eum,
1151 2653 1173 2705 si
1183 2667 1363 2726 spectaretur,
1376 2675 1415 2708 sa·

333 2755 412 2798 nare,
424 2747 452 2787 et
467 2748 525 2788 tum
541 2734 601 2805 ipse
617 2733 687 2786 mori
702 2732 871 2787 credebatur.
885 2745 894 2769 ¹
917 2737 960 2775 -’
972 2739 1099 2805 Tanaquil
1111 2754 1171 2802 ersa,
1185 2749 1216 2790 ut
1231 2738 1304 2810 apud
1316 2743 1416 2791 Ausou.

332 2821 420 2893 Epist.
428 2818 539 2882 XXIII,
550 2816 581 2871 31
592 2817 831 2890 ,hocest,conjux
841 2831 902 2882 tua,
911 2819 1007 2873 similis
1015 2819 1327 2892 Tanaquili,'1'arquioii
1338 2823 1416 2894 prisci

332 2905 426 2970 uxori,
437 2923 496 2976 qum
507 2914 534 2957 et
547 2901 692 2974 imperiosa
701 2920 732 2956 ac
744 2903 874 2974 superba,
889 2915 916 2956 et
930 2904 1082 2976 astrologiae
1093 2903 1365 2977 divinationumqne,
1377 2908 1416 2959 sel

333 2989 475 3042 celestium
487 2984 692 3059 prodigiorum,
708 2999 737 3039 ut
751 2987 834 3057 vulgo
848 2987 970 3054 Etrusci,
984 2988 1149 3060 peritissimo
1162 2989 1226 3054 luit;
1242 2991 1320 3061 quod
1333 2993 1377 3046 vel
1388 3013 1415 3046 er

332 3074 391 3126 Lis.
404 3074 433 3137 1,
447 3073 497 3136 34,
511 3069 544 3140 39
556 3083 584 3124 et
595 3073 644 3135 41,
658 3081 752 3122 uotum
762 3082 812 3122 est.
830 3071 883 3124 Alii
894 3071 1033 3142 εἰρωνικῶς,
1043 3072 1082 3126 ita
1094 3073 1210 3139 bonam,
1220 3073 1385 3145 prudentem
1394 3091 1416 3128 et
1524 3089 1525 3092 ’

331 3155 459 3229 pudicam
476 3171 607 3215 uxorem,
626 3154 706 3225 cujus
724 3153 878 3226 exemplum
897 3153 991 3208 eadem
1008 3155 1144 3228 Tanaquil
1165 3157 1267 3224 suerit,
1286 3158 1345 3213 dici
1363 3161 1415 3213 exi·
1524 3195 1525 3202 η

331 3245 450 3296 stimant.

366 3339 441 3391 Nor.
459 3336 518 3407 567.
538 3337 643 3404 Efferat
654 3333 737 3387 domo
750 3345 900 3397 mortuam,
920 3334 973 3387 hoc
987 3349 1043 3401 est,
1057 3337 1169 3408 sepeliat
1181 3355 1189 3389 ε
1201 3337 1264 3393 vide
1276 3338 1313 3392 ad
1327 3342 1355 3401 Ι,
1374 3361 1413 3412 7¹·

332 3455 367 3465 -
387 3423 455 3489 Quid
473 3421 537 3470 enim
559 3421 657 3487 majus,
678 3416 839 3488 optabilius,
863 3421 926 3469 dare
946 3421 1051 3471 numina
1069 3419 1186 3488 possunt,
1207 3441 1292 3494 quam
1308 3426 1413 3496 longam

329 3505 444 3560 adulteri
456 3504 552 3568 ritum,
567 3515 594 3555 ct
609 3515 800 3575 promoturum
814 3514 929 3555 mortem
944 3503 1050 3570 matris,
1068 3505 1159 3557 mariti
1168 3505 1341 3581 aliorumque
1351 3527 1413 3562 oon·

330 3590 553 3664 sanguineorum,
568 3605 683 3658 quorum
697 3604 762 3658 opes
775 3584 924 3639 hereditate
938 3587 1059 3659 occipiat.

366 3740 434 3785 Van.
453 3736 513 3783 568.
527 3735 594 3781 Dare
604 3731 694 3796 majus,
709 3735 748 3792 25,
761 3735 874 3795 46-49,
885 3733 1000 3794 54-56,
1011 3733 1054 3794 58,
1065 3733 1108 3798 59,
1118 3736 1162 3794 60,
1173 3737 1217 3796 fil,
1229 3739 1275 3786 65-

364 3834 431 3878 Vn.
451 3829 511 3892 569.
528 3827 586 3874 Hoec
596 3825 684 3875 eadem
695 3825 763 3874 novit
771 3827 871 3875 emend.
882 3827 1015 3888 Schrader,
1030 3829 1145 3878 audacter
1159 3841 1183 3878 et
1199 3833 1275 3881 insita
1290 3835 1411 3883 Mluerva.

327 3943 363 3952 —
378 3912 498 3970 Minatur,
514 3913 557 3970 23,
570 3911 613 3969 25,
624 3925 666 3970 27,
677 3911 791 3974 45-49,
805 3912 917 3969 54-60,
929 3913 972 3972 65,
985 3913 1026 3962 85.

754 4079 936 4097 ΜΜΜΜΜ
939 4081 985 4098 Μ

361 4197 372 4261 ξ
392 4187 456 4236 Vide
472 4188 534 4237 Plio.
553 4191 619 4248 xx,
635 4204 668 4251 93
687 4190 776 4247 XXX,
797 4189 1194 4251 113xxxvl,3r;xxxv11,
1212 4207 1250 4238 ro.
