3130 4986
451 452 642 516 SATIRA
671 449 922 519 SECUNDA.
1178 481 1218 543 9¹

197 563 459 658 Quadringenta
473 564 566 634 dedit
582 563 757 634 Gracchus
772 567 922 635 sestertia
937 566 1048 635 dotem

149 673 338 754 Cornicis,
355 675 429 742 sive
446 675 503 744 hic
521 688 613 744 recto
632 688 825 743 cantaverat
840 699 916 745 aere.

148 787 292 878 Signata
310 784 434 854 tabulas
449 809 457 854 ι
475 786 603 855 dictum
620 780 791 854 Feliciter!
811 786 931 878 ingens

147 899 251 966 Ooena
267 895 385 964 sedet:
404 898 534 992 gremio
548 896 656 989 jacuit
671 919 760 964 nova
775 909 882 988 nupta
898 895 1020 964 mariti.
1171 927 1220 962 ιη
1330 977 1332 984 Ι

147 1004 180 1070 O
196 1027 370 1096 proceres,
388 1028 529 1073 censore
545 1028 631 1098 opus
647 1018 715 1088 est,
731 1026 774 1071 an
792 1002 969 1097 haruspice
985 1001 1104 1072 nobis?

147 1111 282 1180 Scilicet
299 1111 473 1200 horreres,
489 1113 684 1206 majoraque
700 1127 850 1182 monstra
865 1127 1019 1208 putares,

147 1223 182 1290 Si
198 1221 321 1290 mulier
336 1221 496 1309 vitulum,
512 1222 565 1291 vel
582 1224 610 1291 si
627 1223 687 1290 bos
704 1221 821 1291 ederet
836 1219 984 1318 agnum?

145 1335 346 1428 segmenta,
363 1347 397 1402 et
414 1334 533 1429 longos
549 1334 697 1420 babitus,
714 1347 748 1402 et
765 1333 886 1402 llarnea
901 1333 1022 1416 sumit,

146 1447 281 1512 Arcano
298 1445 357 1538 qui
373 1469 468 1514 sacra
484 1443 598 1513 ferens
614 1443 767 1512 nutantia
783 1442 856 1510 loro
1172 1455 1219 1506 sss

144 1550 287 1620 Sudavit
304 1551 432 1646 clypeis
448 1552 621 1622 ancilibus.
639 1553 670 1620 Ο
685 1565 782 1647 pater
798 1547 918 1636 Urbis,

145 1661 247 1728 Unde
264 1660 362 1728 nefas
378 1675 509 1730 tantum
526 1663 631 1732 Latiis
647 1659 856 1757 pastoribus?
870 1659 960 1730 unde

144 1773 227 1839 llaec
243 1771 374 1865 tetigit,
391 1771 556 1858 Gradive,
572 1787 647 1841 tuos
664 1775 772 1843 urtica
792 1769 955 1866 nepotes?

143 1879 302 1949 Traditur
316 1905 399 1950 ecce
415 1883 491 1950 viro
507 1881 617 1951 clarus
634 1907 758 1978 genere
774 1887 874 1978 alque
890 1880 1010 1976 opibus
1026 1882 1094 1950 vir:

144 1991 219 2059 Nec
234 1989 366 2085 galeam
382 2015 533 2085 passas,
550 2017 617 2062 ncc
632 1995 757 2062 terram
773 1992 911 2088 cuspide
928 1990 1057 2085 pulsas,
1169 2003 1219 2056 ιιι

146 2100 218 2168 Nec
234 2102 389 2194 quereris
405 2099 516 2195 patri?
531 2101 615 2170 vade
632 2127 731 2198 ergo,
749 2117 783 2171 et
799 2102 881 2172 cede
897 2101 1006 2170 severi

185 2356 251 2408 ¹¹7·
273 2339 422 2396 Gracchus
447 2340 529 2396 dedit
546 2340 659 2397 cuidam
678 2340 814 2398 histrioni
828 2340 960 2405 canenti,
977 2338 1022 2394 rel
1038 2349 1093 2394 are
1113 2353 1219 2408 carro,

144 2431 224 2504 qaod
232 2450 326 2488 cornu
339 2434 613 2506 estasiasmeno,
626 2435 707 2510 quod
716 2435 786 2492 tuba
795 2445 847 2504 est,
857 2431 1068 2509 quadringenta
1076 2431 1219 2499 sestertia,

145 2523 216 2578 sicut
230 2521 350 2594 dotem,
365 2543 451 2598 qnam
463 2544 541 2583 uxor
552 2543 605 2582 sno
620 2525 686 2582 viro
700 2535 807 2601 portat
824 2522 1003 2582 Matrimonii
1016 2522 1119 2578 tabulas
1132 2522 1169 2578 ab
1180 2521 1221 2578 ais

146 2613 315 2690 subsignata
329 2626 413 2687 suat;
425 2617 524 2673 fausta
534 2617 714 2692 precationes
725 2615 879 2687 adbibitoe3
893 2615 995 2692 ingens
1007 2615 1136 2690 nuptiale
1148 2631 1221 2670 ooa-

144 2705 252 2764 siviuos
266 2707 450 2784 appositnrn3
464 2719 511 2778 et,
526 2711 689 2780 Gracchus,
705 2720 739 2766 at
753 2729 830 2766 nova
843 2719 933 2783 napta
943 2751 952 2779 ,
963 2707 1137 2766 recubuitin
1152 2723 1221 2783 gre-

147 2799 204 2856 mio
215 2800 373 2857 cornicinis
388 2799 434 2858 sui
448 2800 554 2858 mariti.
569 2805 596 2860 0
608 2801 733 2858 Romani
744 2803 896 2876 proceras!
909 2819 1062 2878 egemusue
1079 2817 1219 2870 censore,

148 2892 197 2966 qni
211 2893 271 2951 bac
287 2893 397 2970 flagitia
410 2895 560 2966 emendet3
581 2915 617 2952 an
631 2897 728 2971 potins
751 2895 916 2970 haruspice,
938 2896 988 2971 qai
1004 2897 1065 2952 baso
1082 2901 1222 2971 procuret

145 2987 293 3042 monstra?
312 3005 351 3042 aa
365 2988 633 3045 cohorresceremus
646 2987 862 3057 vehementius,
880 2999 930 3045 aar
946 2988 1037 3063 majus
1056 2997 1219 3046 monstraris

146 3095 203 3133 csse
215 3077 402 3148 dumam,
413 3079 437 3134 si
448 3078 553 3134 femina
564 3079 700 3150 vitulum,
717 3081 763 3136 vel
775 3097 881 3156 agnum
892 3097 977 3137 vacca
990 3089 1121 3155 pareret,
1131 3095 1219 3154 quam

146 3187 233 3244 qaam
245 3169 309 3226 hac
320 3181 456 3246 portenta
465 3172 604 3230 scelerum
613 3171 745 3228 audimus
755 3171 768 3226 l
783 3169 832 3228 ille
843 3172 1005 3243 Gracchus,
1016 3171 1117 3228 Martis
1126 3184 1219 3227 sacer-

145 3259 214 3328 dos,
233 3260 286 3334 qni
306 3279 367 3317 aon
386 3262 474 3318 semel
491 3280 586 3319 saeros
609 3263 741 3340 clypeos,
758 3263 860 3319 ancilia
883 3274 1080 3338 nuncupatos,
1103 3263 1217 3318 occulto

144 3349 207 3406 loro
223 3350 303 3407 inter
317 3370 348 3407 se
363 3352 498 3429 religatos
511 3364 540 3410 et
555 3365 709 3424 natantes,
728 3373 781 3429 per
790 3355 908 3424 urbem,
925 3373 985 3410 non
998 3355 1059 3411 siae
1073 3354 1175 3412 labore
1188 3363 1219 3409 et

144 3441 250 3498 sudore
261 3442 393 3499 saltando
405 3444 598 3515 circumndit,
614 3443 709 3515 idern,
721 3447 876 3506 mulierum
886 3463 987 3518 more,
1004 3457 1113 3503 restem
1124 3445 1217 3504 tauiis

144 3534 368 3592 versicoloribus
376 3547 522 3609 ornatam,
534 3549 564 3595 et
573 3539 611 3595 ad
618 3538 706 3613 pedes
712 3557 803 3614 usqne
812 3539 974 3610 demissam,
984 3558 1038 3597 nec
1048 3557 1108 3597 non
1118 3541 1215 3596 vatum

145 3643 202 3701 qao
221 3645 307 3684 noras
319 3641 416 3706 nupta
433 3641 518 3706 caput
533 3631 675 3708 obtegunt
685 3673 693 3702 ,
704 3631 816 3688 induit!
834 3652 853 3689 o
871 3635 967 3703 Mars,
982 3634 1063 3690 urbis
1077 3635 1215 3690 Romanas

145 3719 280 3777 conditor
297 3731 325 3777 et
338 3729 441 3796 pater,
458 3723 522 3798 quis
535 3723 596 3779 baec
608 3721 725 3779 tandem
741 3726 848 3781 scelera
860 3723 890 3780 ia
903 3725 1044 3800 populum
1063 3735 1146 3780 tuum
1166 3723 1215 3778 is-

144 3813 245 3869 rexit?
269 3833 332 3889 qua
350 3816 431 3872 labes
455 3816 564 3892 priscos
582 3813 752 3874 latinorum
769 3828 936 3892 pastorum,
960 3836 976 3874 e
996 3809 1102 3891 quibus
1122 3817 1214 3874 Roma

143 3905 267 3979 primum
285 3908 408 3979 coaluit,
425 3905 455 3965 e‘t
469 3921 580 3967 unctos
593 3927 691 3967 mores
710 3928 746 3967 eo
761 3927 853 3983 usque
871 3910 976 3966 sensim
989 3907 1166 3976 immutarit,
1181 3919 1215 3964 ut

142 4008 198 4054 um
218 3997 294 4056 toda
309 3999 471 4076 voluptaris
492 3999 641 4078 prurigine
659 4018 762 4060 eorum
778 4000 887 4076 posteri
906 4019 939 4058 sc
960 3999 1004 4056 rei
1023 3999 1214 4058 laborarent?

142 4091 266 4151 aava
278 4096 372 4154 clarus
382 4111 491 4173 genere
504 4105 533 4153 et
544 4097 647 4172 opibus
655 4096 798 4154 aubitatii
808 4096 890 4167 viro,
900 4105 930 4152 et
941 4105 973 4152 tu
982 4111 1071 4153 cessas
1081 4095 1212 4168 interisse

140 4203 230 4264 utque
240 4194 384 4250 umnam
400 4190 482 4266 galea
490 4201 590 4266 caput,
604 4190 665 4248 hac
678 4191 806 4263 intuens,
818 4203 931 4260 morer,
945 4199 998 4246 trec
1009 4189 1117 4248 hastam
1128 4199 1211 4245 terra
