3108 4986
340 463 403 528 262
497 451 668 519 VARIAE
691 452 985 516 LECTIONES
1009 453 1071 518 ET
1094 455 1247 522 NOTAE

338 585 385 627 rat.
398 573 506 624 Senatua
520 565 588 619 edici
602 578 628 618 et
641 564 782 619 convocari
796 567 894 620 eotehn
906 566 946 620 rel
955 585 1003 640 per
1012 567 1127 621 edictum
1139 567 1211 638 (hir.
1223 567 1360 628 xxxvl,
1374 567 1406 629 3;

339 656 401 709 Tac.
414 655 481 705 Ann.
496 653 539 717 ll,
552 651 618 717 28),
632 650 672 703 vel
685 668 734 721 per
746 668 909 722 praeconem,
922 663 951 702 ut
965 651 1021 703 Liv,
1037 651 1096 714 111,
1114 651 1165 716 383
1183 651 1231 716 lV,
1244 649 1286 702 32.
1303 655 1408 701 latum

338 757 414 793 servo
430 737 635 800 nomenclatore,
653 735 699 808 qui
719 735 746 786 in
761 749 880 788 renatum
897 735 987 788 Patres
1004 748 1127 788 vocaret:
1144 753 1204 788 nam
1223 754 1256 788 ea
1277 733 1407 786 Liburnia

337 821 405 875 eerri
423 839 538 893 procare
552 832 657 873 staturae
674 818 856 880 mittebantur,
874 817 1040 891 quiquidem
1058 832 1142 872 eaeent
1153 837 1259 892 quoque
1271 837 1369 872 tonora
1383 832 1408 870 et

323 941 327 950 ·
339 904 422 957 valida
437 921 510 963 voce.
521 916 599 975 atque
608 902 641 955 ad
654 901 682 955 id
695 901 811 955 officium
824 900 895 975 apti;
908 900 973 956 ach.
987 901 1063 955 conf.
1076 900 1108 954 ad
1121 901 1176 966 ΙΙΙ,
1189 909 1248 966 ato.
1257 933 1294 943 -
1307 904 1407 962 ceurae,

335 991 388 1053 jam
399 989 474 1047 sedit,
490 987 569 1039 verba
581 985 724 1058 praeconia,
739 997 763 1038 et
774 985 881 1058 quidem
895 1004 994 1057 pauca,
1007 1005 1079 1038 more
1090 986 1257 1040 clamantium
1272 983 1410 1055 trepidan-

338 1069 472 1141 tiumque,
483 1069 529 1141 qui
540 1068 665 1140 graphice
673 1067 854 1132 adumbratur,
864 1079 893 1121 ut
903 1079 927 1120 et
936 1085 997 1119 moa
1007 1066 1135 1120 festinatio
1143 1079 1293 1120 aenatorum
1302 1104 1310 1130 ,
1319 1084 1411 1118 veren-

339 1154 404 1207 tium
415 1194 422 1218 ,
434 1171 467 1206 ne
476 1153 593 1224 longiore
602 1171 673 1207 mora
685 1153 751 1206 iram
760 1151 865 1225 tyranni
874 1151 1013 1204 concitent.
1026 1181 1061 1194 -
1070 1154 1134 1202 Sedit
1143 1152 1301 1224 Imperator,
1311 1149 1341 1200 in
1349 1167 1410 1202 con·

339 1237 400 1290 cilio
410 1236 445 1290 de
455 1235 534 1310 piscia
544 1235 675 1310 coquendi
683 1236 784 1292 ratione
796 1235 995 1290 deliberaturus.

375 1382 442 1428 Vn.
462 1381 502 1443 76.
515 1381 595 1440 Sedet,
610 1397 656 1442 aa,
669 1391 768 1444 rt-rp
782 1398 839 1429 am.
854 1397 902 1428 aec.
916 1397 955 1444 19,
969 1391 1085 1439 aa—at,
1099 1381 1141 1440 45,
1156 1388 1197 1445 49.
1218 1379 1299 1442 Cedit,
1311 1379 1361 1444 (ιο.ὓ
1383 1407 1405 1416 ι·

342 1466 373 1512 tte
388 1475 472 1529 rapta,
490 1466 602 1514 an-23‚

376 1557 443 1611 Nor.
464 1561 505 1628 76.
521 1563 624 1620 Abolla,
639 1559 740 1613 lacerna
751 1600 759 1626 ‚
770 1577 850 1631 quam
861 1557 990 1633 Pegasus,
1001 1558 1119 1632 deposita
1131 1572 1204 1631 toga,
1217 1559 1313 1622 Albam
1328 1557 1413 1612 im

343 1639 462 1692 induerat
472 1661 479 1705 ;
493 1642 535 1694 vel
545 1641 654 1714 pallium
663 1639 812 1695 Stoicorum
822 1653 847 1694 et
856 1642 1031 1716 Cynicorum,
1041 1661 1095 1713 quo
1105 1641 1197 1695 hahita
1210 1642 1279 1696 forte
1290 1641 1415 1704 inceaait,

344 1721 404 1793 quia
418 1734 443 1773 et
456 1722 559 1783 Stoicus
575 1723 834 1790 tuit.c0nt.ad111‚
855 1726 921 1791 115,
940 1724 1073 1798 etFerrar.
1084 1725 1120 1777 ibi
1133 1725 1269 1790 laudatoa,
1286 1725 1335 1797 qui
1345 1737 1415 1778 reete

343 1815 450 1874 monet,
463 1827 477 1860 a
488 1806 614 1860 Salmaeio
623 1821 648 1860 et
657 1809 778 1865 Rubenio
787 1825 923 1882 perperam
934 1807 1020 1880 colligi
1031 1826 1063 1860 ea
1075 1807 1160 1862 Nonio
1174 1828 1202 1880 p.
1214 1809 1283 1873 538,
1299 1807 1414 1862 abollatn

345 1910 447 1964 semper
457 1891 596 1944 militarem
608 1891 688 1945 tuine
697 1877 814 1954 reatem,
832 1905 858 1944 et
867 1911 898 1944 ex
906 1891 934 1943 h.
946 1892 983 1957 l.,
997 1892 1134 1964 praefectos
1148 1891 1230 1956 Urbi,
1244 1910 1298 1964 qno
1311 1890 1415 1949 honore

345 1974 451 2027 lunctoe
463 1973 497 2027 ait
508 1971 639 2044 Pegaeue,
654 1973 680 2025 in
695 1972 780 2032 Urhe.
798 1971 974 2046 praeeideaque
989 1975 1016 2028 in
1031 1973 1189 2047 provinciis,
1201 1972 1294 2026 habitu
1306 1973 1416 2026 militari

344 2075 399 2110 eane
418 2075 488 2110 utos.
507 2055 654 2109 llenniniue
668 2057 736 2108 bene
752 2057 809 2108 haec
824 2057 925 2109 notarit
946 2076 953 2110 ε
982 2084 993 2104 ι
1003 2059 1020 2111 J
1021 2059 1081 2111 Ctoa
1098 2058 1177 2112 suieee
1191 2057 1245 2110 sere
1261 2056 1366 2113 stoicon
1385 2075 1414 2108 ea

343 2150 431 2204 etate,
448 2137 537 2192 docuit
547 2137 609 2192 Ger.
620 2137 708 2194 Noodt
717 2139 849 2191 Probabit.
861 2139 918 2201 ΙΙΙ,
936 2159 958 2194 ι.
971 2139 1144 2207 Subtiliaairne
1155 2138 1234 2210 igitur
1242 2138 1314 2194 ridet
1321 2137 1416 2192 Noster

343 2221 531 2278 etoicieeantem
549 2219 693 2296 Pegasum,
704 2222 751 2295 qui
761 2221 829 2273 nihil
840 2221 942 2285 nuum,
952 2241 1030 2296 quam
1041 2223 1117 2288 liber,
1127 2235 1172 2275 aut
1179 2241 1244 2287 rea,
1255 2235 1284 2276 ut
1295 2243 1325 2275 ee
1332 2226 1416 2294 jacta·

343 2307 406 2359 hant
415 2305 509 2370 Stoici,
523 2319 630 2358 vocatam
639 2305 672 2358 ad
681 2305 871 2372 Domitianum,
881 2316 906 2357 et
918 2306 1022 2380 tyranni
1035 2307 1101 2358 iram
1111 2299 1317 2380 veritue,quum
1329 2319 1416 2360 umen

343 2399 457 2441 mentem
465 2387 574 2442 etoicam
584 2427 592 2454 ,
601 2407 649 2441 nec
659 2389 747 2441 vultur
754 2387 872 2440 instantia
883 2389 987 2461 tyranni
994 2400 1100 2463 quatere
1108 2387 1200 2442 debeat
1207 2428 1214 2450 ‚
1221 2390 1416 2458 eerriliterpro·

340 2475 459 2540 perabat,
474 2481 499 2524 et
510 2471 618 2543 quidem
629 2471 673 2524 vix
685 2469 865 2542 circumjecta,
878 2491 956 2543 quam
971 2471 1181 2528 festinantissime
1191 2487 1321 2542 rapuerat,
1333 2475 1416 2524 abolla

345 2555 452 2608 stoica.»
474 2553 550 2606 cont.
570 2552 604 2606 ad
624 2553 667 2618 ΙΙ,
687 2555 724 2607 ι5.
752 2557 846 2605 Primus
864 2573 970 2628 quoque
988 2573 1139 2627 properatae
1157 2553 1229 2608 td·-
1249 2553 1358 2610 dicitur.
1381 2585 1415 2595 -

346 2658 357 2678 ι
365 2639 491 2700 Pegasus,
509 2631 646 2685 trierarchi
659 2633 730 2684 illiue
737 2673 745 2697 ,
761 2649 793 2686 ex
803 2636 878 2706 cujua
888 2633 999 2698 liburnae
1010 2633 1109 2705 paraeia
1122 2625 1305 2706 (up-eulpa)
1320 2653 1416 2688 nomen

344 2714 459 2788 accepit,
476 2715 543 2785 juria
561 2714 650 2767 etudio
662 2714 770 2784 gloriam
784 2715 918 2768 memoria
930 2715 1040 2781 meruit,
1055 2727 1084 2768 ut
1099 2719 1161 2767 liber
1170 2717 1263 2788 vulgo,
1279 2736 1334 2770 non
1349 2717 1418 2768 horne

345 2796 491 2862 dirmetum
501 2797 545 2849 hic
555 2797 661 2850 sunctae
671 2797 744 2848 omni
755 2797 871 2864 honore,
882 2815 964 2870 quum
974 2797 1117 2870 provinciie
1126 2799 1247 2872 plurimie
1255 2800 1418 2872 prefuisset,

347 2881 427 2935 Urbis
439 2898 528 2934 curam
540 2877 731 2933 administravit
748 2899 755 2932 τ
774 2879 837 2934 hinc
855 2894 892 2934 eet
909 2886 1073 2950 Pegasianam
1090 2883 1188 2936 scilicet
1197 2887 1249 2952 jas,
1268 2883 1343 2956 quod
1351 2885 1418 2957 juria

346 2965 446 3036 peritur
457 2964 547 3016 firerat
555 2989 566 3011 »
579 2963 618 3016 lta
627 2973 670 3014 ret
689 2961 778 3014 schol)
787 2981 819 3015 ex
829 2966 904 3036 cujus
914 2963 1011 3016 ultimis
1020 2965 1106 3017 verbis
1116 2965 1191 3018 multi
1200 2967 1377 3038 collegerunt,
1385 2967 1419 3019 ah

347 3067 379 3101 eo
389 3052 545 3100 Pmcrtlianos
558 3067 653 3100 nomen
666 3049 755 3100 tulieee
764 3043 966 3117 Pegasianormn.
981 3049 1032 3101 Sed
1043 3049 1112 3102 Pith.
1123 3049 1192 3102 adh.
1204 3049 1237 3118 l.,
1252 3049 1329 3104 Grot.
1345 3051 1416 3104 Flor.

347 3131 434 3203 Spore.
447 3130 481 3183 ad
492 3133 540 3182 Jue
551 3131 646 3183 Juetin.
659 3129 692 3182 ad
705 3135 720 3199 §
732 3131 764 3195 53
778 3131 841 3184 luet.
853 3131 887 3207 de
897 3131 955 3185 Fid.
965 3133 1021 3188 her'.
1031 3173 1039 3197 ,
1051 3131 1132 3184 Bach.
1145 3133 1211 3188 ffist.
1226 3133 1325 3206 luriep.
1342 3135 1418 3188 Rom.

347 3237 373 3290 p.
384 3220 450 3278 410,
460 3214 538 3266 etalii
550 3215 617 3266 bene
624 3218 677 3287 jam
688 3233 825 3279 monuere,
833 3216 911 3267 verba
921 3215 969 3268 ista
979 3213 1012 3266 ad
1022 3213 1103 3270 libros
1111 3217 1198 3287 potius
1207 3215 1264 3286 JCti
1275 3215 1419 3288 pertinere,

348 3298 441 3352 eodem
452 3295 542 3356 modo,
556 3303 663 3369 quoles
675 3301 809 3358 AElr'anmn,
820 3300 973 3357 Mevianum,
986 3309 1035 3350 etc.
1050 3299 1092 3351 vel
1103 3317 1152 3370 pro
1156 3302 1198 3367 jas
1210 3297 1353 3371 legendum
1365 3317 1420 3352 eene

348 3385 393 3433 SC·
406 3379 473 3431 Nam
484 3379 596 3450 Pegasus
604 3381 654 3432 enh
663 3379 824 3451 Vespasiano
833 3398 886 3432 non
896 3378 976 3432 modo
986 3379 1122 3451 praelectus
1131 3379 1197 3432 Urbi
1208 3379 1257 3432 luit
1265 3418 1272 3442 ,
1281 3379 1328 3432 aed
1338 3392 1364 3433 et
1375 3398 1421 3430 an-

348 3475 388 3515 tea
398 3460 490 3514 consul
499 3461 626 3513 collectus
636 3479 696 3514 cum
706 3459 837 3527 Pueione,
849 3479 902 3534 quo
911 3473 1028 3534 tempore
1042 3461 1138 3514 sactum
1150 3473 1188 3516 eet
1200 3463 1285 3513 Sciam
1297 3464 1421 3530 Pegasea-

348 3563 408 3596 nam
418 3545 648 3615 &fideicommissis
660 3545 845 3604 hereditatibus,
863 3542 897 3594 ab
913 3562 945 3596 eo
961 3542 1129 3615 appellatum.
1142 3555 1149 3578 ¹
1166 3573 1201 3584 -
1216 3546 1333 3594 aaronita
1348 3554 1421 3596 metu

349 3638 535 3698 tyrannorum,
547 3624 651 3697 gravina
660 3643 739 3697 quam
749 3625 869 3698 trepide,
880 3637 906 3677 et
913 3626 1026 3681 amarius
1035 3625 1135 3680 dictum
1145 3626 1172 3678 io
1181 3627 1311 3697 ignaviam
1321 3627 1421 3680 Roma-

351 3726 445 3762 norum
454 3710 564 3780 ,jugum
572 3708 703 3762 servitutis
711 3709 840 3780 patienter
850 3708 997 3762 ferentium.
1010 3709 1041 3763 C.
1054 3709 1173 3784 Valeriae
1184 3708 1211 3764 in
1224 3709 1294 3764 notia
1304 3709 1340 3762 ah
1350 3707 1419 3764 Aah.

774 3857 1004 3878 ΜΜΜἈὮΒἊ

390 3949 483 3996 ¹Vide
502 3951 529 3996 L.
551 3945 608 4012 ις
628 3950 671 3998 ult.
691 3951 723 3998 D.
739 3951 775 3997 De
795 3951 857 4014 orig.
908 3969 952 4014 ιι,
978 3951 1163 4017 Bynkerahoel.
1188 3952 1260 4000 Ohaa.
1282 3955 1338 4013 vt,
1366 3968 1418 4013 ax,

351 4027 442 4090 jnr.,§
458 4029 486 4085 53
500 4028 579 4076 lnetic
592 4027 621 4075 de
639 4028 726 4076 Fideic.
737 4028 822 4077 hered.
838 4039 862 4076 et
906 4031 979 4080 Thes.
998 4033 1132 4080 meerman.
1149 4041 1207 4078 tom.
1220 4033 1249 4090 1,
1261 4047 1287 4095 p.
1303 4033 1355 4088 542
1367 4047 1422 4096 aeq.

354 4103 384 4151 al.
400 4105 559 4155 Brencmann.
579 4107 656 4172 Epiet.
673 4107 704 4170 de
724 4107 824 4164 Coneol.
838 4123 864 4171 p.
908 4110 1005 4174 etlnpr.
1016 4110 1239 4176 namphanio
1250 4109 1422 4167 sartacteta,

354 4182 421 4244 ont,
441 4194 465 4230 et
484 4184 515 4231 de
534 4187 673 4235 Henremat.
691 4186 825 4236 Modestia.
843 4203 865 4238 c.
907 4201 960 4251 cap.
975 4203 1014 4248 17·
