<?xml version="1.0" encoding="UTF-8"?>
<!DOCTYPE html PUBLIC "-//W3C//DTD XHTML 1.0 Transitional//EN"
    "http://www.w3.org/TR/xhtml1/DTD/xhtml1-transitional.dtd">
<html xmlns="http://www.w3.org/1999/xhtml" xml:lang="en" lang="en">
 <head>
  <title>
</title>
<meta http-equiv="Content-Type" content="text/html;charset=utf-8" />
  <meta name='ocr-system' content='tesseract 3.04.00' />
  <meta name='ocr-capabilities' content='ocr_page ocr_carea ocr_par ocr_line ocrx_word'/>
</head>
<body>
  <div class='ocr_page' id='page_1' title='image "./sexdecimsatir01lemagoog_0161.png"; bbox 0 0 3130 4986; ppageno 0'>
   <div class='ocr_carea' id='block_1_1' title="bbox 313 384 1382 415">
    <p class='ocr_par' dir='ltr' id='par_1_1' title="bbox 313 384 1382 415">
     <span class='ocr_line' id='line_1_1' title="bbox 313 384 1382 415; baseline -0.001 -3"><span class='ocrx_word' id='word_1_1' title='bbox 313 384 1382 415; x_wconf 54' lang='lat' dir='ltr'>m</span> 
     </span>
    </p>
   </div>
   <div class='ocr_carea' id='block_1_2' title="bbox 586 610 1117 699">
    <p class='ocr_par' dir='ltr' id='par_1_2' title="bbox 586 610 1117 699">
     <span class='ocr_line' id='line_1_2' title="bbox 586 610 1117 699; baseline -0.004 0"><span class='ocrx_word' id='word_1_2' title='bbox 586 610 834 699; x_wconf 83' lang='lat' dir='ltr'><strong>SATIRAE</strong></span> <span class='ocrx_word' id='word_1_3' title='bbox 863 611 1117 697; x_wconf 86' lang='lat' dir='ltr'><strong>TERTIAE</strong></span> 
     </span>
    </p>
   </div>
   <div class='ocr_carea' id='block_1_3' title="bbox 687 803 1019 864">
    <p class='ocr_par' dir='ltr' id='par_1_3' title="bbox 687 803 1019 864">
     <span class='ocr_line' id='line_1_3' title="bbox 687 803 1019 864; baseline 0.006 -3"><span class='ocrx_word' id='word_1_4' title='bbox 687 803 1019 864; x_wconf 76' lang='lat' dir='ltr'><strong>ARGUMENTUM.</strong></span> 
     </span>
    </p>
   </div>
   <div class='ocr_carea' id='block_1_4' title="bbox 526 1003 1187 1238">
    <p class='ocr_par' dir='ltr' id='par_1_4' title="bbox 526 1003 1187 1238">
     <span class='ocr_line' id='line_1_4' title="bbox 526 1003 1100 1070; baseline 0 -18"><span class='ocrx_word' id='word_1_5' title='bbox 526 1004 616 1070; x_wconf 53' lang='lat' dir='ltr'>Eliuffit</span> <span class='ocrx_word' id='word_1_6' title='bbox 628 1003 772 1053; x_wconf 85' lang='lat' dir='ltr'>Umbricius</span> <span class='ocrx_word' id='word_1_7' title='bbox 784 1003 880 1054; x_wconf 84' lang='lat' dir='ltr'>diversa</span> <span class='ocrx_word' id='word_1_8' title='bbox 893 1005 1000 1070; x_wconf 83' lang='lat' dir='ltr'>pericula</span> <span class='ocrx_word' id='word_1_9' title='bbox 1014 1004 1100 1053; x_wconf 84' lang='lat' dir='ltr'>vitans.</span> 
     </span>
     <span class='ocr_line' id='line_1_5' title="bbox 528 1087 1187 1155; baseline -0.002 -19"><span class='ocrx_word' id='word_1_10' title='bbox 528 1088 610 1136; x_wconf 84' lang='lat' dir='ltr'>Odisti</span> <span class='ocrx_word' id='word_1_11' title='bbox 624 1087 693 1154; x_wconf 83' lang='lat' dir='ltr'>qnod</span> <span class='ocrx_word' id='word_1_12' title='bbox 706 1091 785 1138; x_wconf 78' lang='lat' dir='ltr'>Roma</span> <span class='ocrx_word' id='word_1_13' title='bbox 798 1088 892 1150; x_wconf 87' lang='lat' dir='ltr'>bonos,</span> <span class='ocrx_word' id='word_1_14' title='bbox 903 1105 993 1155; x_wconf 82' lang='lat' dir='ltr'>pravos</span> <span class='ocrx_word' id='word_1_15' title='bbox 1007 1087 1080 1148; x_wconf 88' lang='lat' dir='ltr'>colis,</span> <span class='ocrx_word' id='word_1_16' title='bbox 1091 1088 1151 1136; x_wconf 88' lang='lat' dir='ltr'>bino</span> <span class='ocrx_word' id='word_1_17' title='bbox 1164 1098 1187 1135; x_wconf 85' lang='lat' dir='ltr'>te</span> 
     </span>
     <span class='ocr_line' id='line_1_6' title="bbox 528 1171 1100 1238; baseline 0.003 -19"><span class='ocrx_word' id='word_1_18' title='bbox 528 1171 619 1238; x_wconf 73' lang='lat' dir='ltr'>mugit</span> <span class='ocrx_word' id='word_1_19' title='bbox 629 1172 771 1222; x_wconf 72' lang='lat' dir='ltr'><strong>Umbricius</strong></span> <span class='ocrx_word' id='word_1_20' title='bbox 785 1172 882 1221; x_wconf 83' lang='lat' dir='ltr'>diversa</span> <span class='ocrx_word' id='word_1_21' title='bbox 894 1173 1001 1238; x_wconf 82' lang='lat' dir='ltr'>pericula</span> <span class='ocrx_word' id='word_1_22' title='bbox 1013 1173 1100 1222; x_wconf 82' lang='lat' dir='ltr'>vitans.</span> 
     </span>
    </p>
   </div>
   <div class='ocr_carea' id='block_1_5' title="bbox 336 1319 1370 1460">
    <p class='ocr_par' dir='ltr' id='par_1_5' title="bbox 336 1319 1370 1460">
     <span class='ocr_line' id='line_1_7' title="bbox 336 1319 1370 1386; baseline 0.002 -16"><span class='ocrx_word' id='word_1_23' title='bbox 336 1335 372 1371; x_wconf 86' lang='lat' dir='ltr'>an</span> <span class='ocrx_word' id='word_1_24' title='bbox 386 1335 557 1373; x_wconf 76' lang='lat' dir='ltr'>marciosa.</span> <span class='ocrx_word' id='word_1_25' title='bbox 573 1351 607 1361; x_wconf 93' lang='lat'><em>—</em></span> <span class='ocrx_word' id='word_1_26' title='bbox 620 1340 711 1386; x_wconf 79' lang='lat' dir='ltr'>onaan</span> <span class='ocrx_word' id='word_1_27' title='bbox 723 1319 874 1376; x_wconf 85' lang='lat' dir='ltr'>nrisnrcms</span> <span class='ocrx_word' id='word_1_28' title='bbox 888 1339 984 1376; x_wconf 78' lang='lat' dir='ltr'>nasu</span> <span class='ocrx_word' id='word_1_29' title='bbox 998 1340 1126 1376; x_wconf 81' lang='lat' dir='ltr'>nnsnnar.</span> <span class='ocrx_word' id='word_1_30' title='bbox 1140 1351 1176 1361; x_wconf 89' lang='lat'>—</span> <span class='ocrx_word' id='word_1_31' title='bbox 1189 1338 1225 1372; x_wconf 83' lang='lat' dir='ltr'>un</span> <span class='ocrx_word' id='word_1_32' title='bbox 1239 1336 1370 1375; x_wconf 69' lang='lat' dir='ltr'>naemu</span> 
     </span>
     <span class='ocr_line' id='line_1_8' title="bbox 621 1422 1090 1460; baseline 0 -2"><span class='ocrx_word' id='word_1_33' title='bbox 621 1422 759 1459; x_wconf 75' lang='lat' dir='ltr'>unsrun.</span> <span class='ocrx_word' id='word_1_34' title='bbox 775 1437 812 1448; x_wconf 93' lang='lat'>-</span> <span class='ocrx_word' id='word_1_35' title='bbox 824 1423 904 1460; x_wconf 74' lang='lat' dir='ltr'>nunu</span> <span class='ocrx_word' id='word_1_36' title='bbox 917 1422 1090 1459; x_wconf 76' lang='lat' dir='ltr'>rncououa.</span> 
     </span>
    </p>
   </div>
   <div class='ocr_carea' id='block_1_6' title="bbox 319 1621 1395 2442">
    <p class='ocr_par' dir='ltr' id='par_1_6' title="bbox 319 1621 1395 2442">
     <span class='ocr_line' id='line_1_9' title="bbox 360 1621 1392 1705; baseline -0.001 -24"><span class='ocrx_word' id='word_1_37' title='bbox 360 1624 527 1683; x_wconf 78' lang='lat' dir='ltr'>Umbricius</span> <span class='ocrx_word' id='word_1_38' title='bbox 557 1628 719 1704; x_wconf 82' lang='lat' dir='ltr'>haruspex,</span> <span class='ocrx_word' id='word_1_39' title='bbox 742 1647 828 1705; x_wconf 90' lang='lat' dir='ltr'>quem</span> <span class='ocrx_word' id='word_1_40' title='bbox 851 1629 954 1684; x_wconf 87' lang='lat' dir='ltr'>Cumas</span> <span class='ocrx_word' id='word_1_41' title='bbox 974 1626 1166 1704; x_wconf 88' lang='lat' dir='ltr'>migraturum</span> <span class='ocrx_word' id='word_1_42' title='bbox 1186 1621 1332 1680; x_wconf 84' lang='lat' dir='ltr'>luvenalis</span> <span class='ocrx_word' id='word_1_43' title='bbox 1353 1621 1392 1680; x_wconf 85' lang='lat' dir='ltr'>ad</span> 
     </span>
     <span class='ocr_line' id='line_1_10' title="bbox 320 1713 1392 1794; baseline -0.004 -21"><span class='ocrx_word' id='word_1_44' title='bbox 320 1716 430 1794; x_wconf 73' lang='lat' dir='ltr'>Egeria·</span> <span class='ocrx_word' id='word_1_45' title='bbox 448 1736 539 1794; x_wconf 82' lang='lat' dir='ltr'>usque</span> <span class='ocrx_word' id='word_1_46' title='bbox 560 1720 656 1776; x_wconf 89' lang='lat' dir='ltr'>lucum</span> <span class='ocrx_word' id='word_1_47' title='bbox 674 1719 844 1790; x_wconf 80' lang='lat' dir='ltr'><strong>comitatur,</strong></span> <span class='ocrx_word' id='word_1_48' title='bbox 867 1739 895 1774; x_wconf 84' lang='lat' dir='ltr'>r.</span> <span class='ocrx_word' id='word_1_49' title='bbox 918 1735 1030 1788; x_wconf 84' lang='lat' dir='ltr'>r-no,</span> <span class='ocrx_word' id='word_1_50' title='bbox 1048 1717 1141 1774; x_wconf 84' lang='lat' dir='ltr'>reteri</span> <span class='ocrx_word' id='word_1_51' title='bbox 1163 1714 1256 1772; x_wconf 88' lang='lat' dir='ltr'>amico</span> <span class='ocrx_word' id='word_1_52' title='bbox 1278 1713 1321 1770; x_wconf 90' lang='lat' dir='ltr'>ibi</span> <span class='ocrx_word' id='word_1_53' title='bbox 1345 1713 1392 1770; x_wconf 90' lang='lat' dir='ltr'>di·</span> 
     </span>
     <span class='ocr_line' id='line_1_11' title="bbox 319 1807 1393 1888; baseline -0.005 -22"><span class='ocrx_word' id='word_1_54' title='bbox 319 1827 426 1866; x_wconf 87' lang='lat' dir='ltr'>scessus</span> <span class='ocrx_word' id='word_1_55' title='bbox 439 1811 484 1866; x_wconf 88' lang='lat' dir='ltr'>sui</span> <span class='ocrx_word' id='word_1_56' title='bbox 500 1830 609 1868; x_wconf 76' lang='lat' dir='ltr'>caussas</span> <span class='ocrx_word' id='word_1_57' title='bbox 624 1813 760 1888; x_wconf 87' lang='lat' dir='ltr'>exponit,</span> <span class='ocrx_word' id='word_1_58' title='bbox 778 1811 916 1868; x_wconf 89' lang='lat' dir='ltr'>nimirum</span> <span class='ocrx_word' id='word_1_59' title='bbox 936 1811 1036 1866; x_wconf 73' lang='lat' dir='ltr'>Rome</span> <span class='ocrx_word' id='word_1_60' title='bbox 1054 1810 1164 1885; x_wconf 89' lang='lat' dir='ltr'>probos</span> <span class='ocrx_word' id='word_1_61' title='bbox 1177 1807 1308 1864; x_wconf 88' lang='lat' dir='ltr'>homines</span> <span class='ocrx_word' id='word_1_62' title='bbox 1321 1824 1393 1863; x_wconf 91' lang='lat' dir='ltr'>cou-</span> 
     </span>
     <span class='ocr_line' id='line_1_12' title="bbox 321 1897 1394 1979; baseline -0.001 -23"><span class='ocrx_word' id='word_1_63' title='bbox 321 1910 434 1976; x_wconf 91' lang='lat' dir='ltr'>temptu</span> <span class='ocrx_word' id='word_1_64' title='bbox 448 1901 599 1974; x_wconf 84' lang='lat' dir='ltr'>laborare,</span> <span class='ocrx_word' id='word_1_65' title='bbox 621 1922 717 1979; x_wconf 89' lang='lat' dir='ltr'>neque</span> <span class='ocrx_word' id='word_1_66' title='bbox 731 1903 769 1960; x_wconf 85' lang='lat' dir='ltr'>ad</span> <span class='ocrx_word' id='word_1_67' title='bbox 781 1904 916 1962; x_wconf 86' lang='lat' dir='ltr'>honestas</span> <span class='ocrx_word' id='word_1_68' title='bbox 931 1911 1008 1958; x_wconf 85' lang='lat' dir='ltr'>artes</span> <span class='ocrx_word' id='word_1_69' title='bbox 1021 1900 1194 1958; x_wconf 83' lang='lat' dir='ltr'>exercendas</span> <span class='ocrx_word' id='word_1_70' title='bbox 1206 1897 1330 1974; x_wconf 82' lang='lat' dir='ltr'>praemiis</span> <span class='ocrx_word' id='word_1_71' title='bbox 1345 1897 1394 1954; x_wconf 92' lang='lat' dir='ltr'>in-</span> 
     </span>
     <span class='ocr_line' id='line_1_13' title="bbox 322 1990 1395 2070; baseline -0.002 -22"><span class='ocrx_word' id='word_1_72' title='bbox 322 1990 423 2066; x_wconf 79' lang='lat' dir='ltr'>vitari,</span> <span class='ocrx_word' id='word_1_73' title='bbox 439 1993 491 2050; x_wconf 90' lang='lat' dir='ltr'>sed</span> <span class='ocrx_word' id='word_1_74' title='bbox 504 1993 539 2050; x_wconf 91' lang='lat' dir='ltr'>iis</span> <span class='ocrx_word' id='word_1_75' title='bbox 552 1995 649 2070; x_wconf 90' lang='lat' dir='ltr'>potius</span> <span class='ocrx_word' id='word_1_76' title='bbox 663 1995 701 2052; x_wconf 91' lang='lat' dir='ltr'>ad</span> <span class='ocrx_word' id='word_1_77' title='bbox 714 1994 819 2051; x_wconf 88' lang='lat' dir='ltr'>incitas</span> <span class='ocrx_word' id='word_1_78' title='bbox 833 1993 942 2070; x_wconf 80' lang='lat' dir='ltr'>redigi,</span> <span class='ocrx_word' id='word_1_79' title='bbox 956 1993 1047 2050; x_wconf 85' lang='lat' dir='ltr'>malos</span> <span class='ocrx_word' id='word_1_80' title='bbox 1061 2003 1163 2050; x_wconf 88' lang='lat' dir='ltr'>contra</span> <span class='ocrx_word' id='word_1_81' title='bbox 1174 2002 1204 2049; x_wconf 89' lang='lat' dir='ltr'>et</span> <span class='ocrx_word' id='word_1_82' title='bbox 1216 1991 1287 2048; x_wconf 86' lang='lat' dir='ltr'>viles</span> <span class='ocrx_word' id='word_1_83' title='bbox 1301 1990 1395 2066; x_wconf 81' lang='lat' dir='ltr'>grstia</span> 
     </span>
     <span class='ocr_line' id='line_1_14' title="bbox 321 2082 1394 2165; baseline -0.002 -23"><span class='ocrx_word' id='word_1_84' title='bbox 321 2097 408 2163; x_wconf 84' lang='lat' dir='ltr'>atque</span> <span class='ocrx_word' id='word_1_85' title='bbox 423 2087 594 2146; x_wconf 89' lang='lat' dir='ltr'>auctoritate</span> <span class='ocrx_word' id='word_1_86' title='bbox 609 2090 687 2165; x_wconf 89' lang='lat' dir='ltr'>apud</span> <span class='ocrx_word' id='word_1_87' title='bbox 704 2106 821 2160; x_wconf 87' lang='lat' dir='ltr'>omnes,</span> <span class='ocrx_word' id='word_1_88' title='bbox 840 2086 926 2144; x_wconf 87' lang='lat' dir='ltr'>etiam</span> <span class='ocrx_word' id='word_1_89' title='bbox 944 2085 1106 2162; x_wconf 70' lang='lat' dir='ltr'>principes,</span> <span class='ocrx_word' id='word_1_90' title='bbox 1124 2087 1235 2156; x_wconf 80' lang='lat' dir='ltr'>valere,</span> <span class='ocrx_word' id='word_1_91' title='bbox 1250 2096 1280 2141; x_wconf 93' lang='lat' dir='ltr'>et</span> <span class='ocrx_word' id='word_1_92' title='bbox 1296 2082 1394 2159; x_wconf 81' lang='lat' dir='ltr'>pravis</span> 
     </span>
     <span class='ocr_line' id='line_1_15' title="bbox 321 2177 1395 2256; baseline -0.002 -22"><span class='ocrx_word' id='word_1_93' title='bbox 321 2178 505 2255; x_wconf 85' lang='lat' dir='ltr'>sordidisque</span> <span class='ocrx_word' id='word_1_94' title='bbox 513 2180 623 2238; x_wconf 83' lang='lat' dir='ltr'>ortibus</span> <span class='ocrx_word' id='word_1_95' title='bbox 632 2181 670 2239; x_wconf 87' lang='lat' dir='ltr'>ad</span> <span class='ocrx_word' id='word_1_96' title='bbox 678 2199 805 2240; x_wconf 89' lang='lat' dir='ltr'>summos</span> <span class='ocrx_word' id='word_1_97' title='bbox 816 2178 957 2256; x_wconf 84' lang='lat' dir='ltr'>obrepere</span> <span class='ocrx_word' id='word_1_98' title='bbox 965 2179 1108 2250; x_wconf 88' lang='lat' dir='ltr'>bonores,</span> <span class='ocrx_word' id='word_1_99' title='bbox 1119 2177 1312 2252; x_wconf 72' lang='lat' dir='ltr'>maximasque</span> <span class='ocrx_word' id='word_1_100' title='bbox 1323 2193 1395 2251; x_wconf 86' lang='lat' dir='ltr'>opes</span> 
     </span>
     <span class='ocr_line' id='line_1_16' title="bbox 321 2259 1395 2350; baseline -0.002 -25"><span class='ocrx_word' id='word_1_101' title='bbox 321 2271 463 2342; x_wconf 89' lang='lat' dir='ltr'>nancisci,</span> <span class='ocrx_word' id='word_1_102' title='bbox 478 2290 507 2327; x_wconf 81' lang='lat' dir='ltr'>r.</span> <span class='ocrx_word' id='word_1_103' title='bbox 523 2282 654 2344; x_wconf 73' lang='lat'>²¹-403</span> <span class='ocrx_word' id='word_1_104' title='bbox 666 2273 887 2350; x_wconf 86' lang='lat' dir='ltr'>spectatissimos</span> <span class='ocrx_word' id='word_1_105' title='bbox 901 2291 975 2344; x_wconf 87' lang='lat' dir='ltr'>esse,</span> <span class='ocrx_word' id='word_1_106' title='bbox 991 2282 1021 2328; x_wconf 90' lang='lat' dir='ltr'>et</span> <span class='ocrx_word' id='word_1_107' title='bbox 1035 2259 1212 2328; x_wconf 74' lang='lat' dir='ltr'>¹felicissimos</span> <span class='ocrx_word' id='word_1_108' title='bbox 1225 2269 1294 2327; x_wconf 85' lang='lat' dir='ltr'>artis</span> <span class='ocrx_word' id='word_1_109' title='bbox 1308 2266 1395 2324; x_wconf 88' lang='lat' dir='ltr'>dissi·</span> 
     </span>
     <span class='ocr_line' id='line_1_17' title="bbox 321 2361 1394 2442; baseline 0.002 -27"><span class='ocrx_word' id='word_1_110' title='bbox 321 2361 465 2434; x_wconf 85' lang='lat' dir='ltr'>mulandi,</span> <span class='ocrx_word' id='word_1_111' title='bbox 478 2363 673 2438; x_wconf 85' lang='lat' dir='ltr'>adulandique</span> <span class='ocrx_word' id='word_1_112' title='bbox 686 2384 806 2442; x_wconf 87' lang='lat' dir='ltr'>gnaros,</span> <span class='ocrx_word' id='word_1_113' title='bbox 821 2365 1008 2441; x_wconf 79' lang='lat' dir='ltr'>Astrologos,</span> <span class='ocrx_word' id='word_1_114' title='bbox 1025 2361 1116 2434; x_wconf 85' lang='lat' dir='ltr'>filios,</span> <span class='ocrx_word' id='word_1_115' title='bbox 1132 2363 1237 2438; x_wconf 87' lang='lat' dir='ltr'>quibus</span> <span class='ocrx_word' id='word_1_116' title='bbox 1248 2377 1328 2417; x_wconf 85' lang='lat' dir='ltr'>mors</span> <span class='ocrx_word' id='word_1_117' title='bbox 1339 2377 1394 2434; x_wconf 84' lang='lat' dir='ltr'>pa-</span> 
     </span>
    </p>
   </div>
   <div class='ocr_carea' id='block_1_7' title="bbox 229 2453 1396 2530">
    <p class='ocr_par' dir='ltr' id='par_1_7' title="bbox 229 2453 1396 2530">
     <span class='ocr_line' id='line_1_18' title="bbox 229 2453 1396 2530; baseline -0.003 -20"><span class='ocrx_word' id='word_1_118' title='bbox 229 2476 231 2484; x_wconf 65' lang='grc'>’</span> <span class='ocrx_word' id='word_1_119' title='bbox 321 2465 438 2510; x_wconf 87' lang='lat' dir='ltr'>rentum</span> <span class='ocrx_word' id='word_1_120' title='bbox 453 2453 491 2510; x_wconf 92' lang='lat' dir='ltr'>sit</span> <span class='ocrx_word' id='word_1_121' title='bbox 505 2454 536 2509; x_wconf 93' lang='lat' dir='ltr'>in</span> <span class='ocrx_word' id='word_1_122' title='bbox 548 2456 667 2530; x_wconf 89' lang='lat' dir='ltr'>optatis,</span> <span class='ocrx_word' id='word_1_123' title='bbox 682 2468 711 2514; x_wconf 88' lang='lat' dir='ltr'>et</span> <span class='ocrx_word' id='word_1_124' title='bbox 724 2455 874 2526; x_wconf 84' lang='lat' dir='ltr'>adulterii,</span> <span class='ocrx_word' id='word_1_125' title='bbox 890 2455 961 2512; x_wconf 79' lang='lat' dir='ltr'>furti</span> <span class='ocrx_word' id='word_1_126' title='bbox 973 2453 1153 2529; x_wconf 82' lang='lat' dir='ltr'>aliomrnque</span> <span class='ocrx_word' id='word_1_127' title='bbox 1169 2454 1308 2510; x_wconf 85' lang='lat' dir='ltr'>scelerum</span> <span class='ocrx_word' id='word_1_128' title='bbox 1322 2467 1396 2507; x_wconf 88' lang='lat' dir='ltr'>oon-</span> 
     </span>
    </p>
   </div>
   <div class='ocr_carea' id='block_1_8' title="bbox 284 2543 1401 4192">
    <p class='ocr_par' dir='ltr' id='par_1_8' title="bbox 284 2543 1401 4192">
     <span class='ocr_line' id='line_1_19' title="bbox 323 2543 1396 2627; baseline -0.004 -23"><span class='ocrx_word' id='word_1_129' title='bbox 323 2547 414 2618; x_wconf 89' lang='lat' dir='ltr'>scios,</span> <span class='ocrx_word' id='word_1_130' title='bbox 425 2567 453 2602; x_wconf 84' lang='lat' dir='ltr'>v.</span> <span class='ocrx_word' id='word_1_131' title='bbox 465 2546 597 2619; x_wconf 69' lang='lat' dir='ltr'>‘sl-573</span> <span class='ocrx_word' id='word_1_132' title='bbox 609 2551 829 2627; x_wconf 83' lang='lat' dir='ltr'>gratiosissimus</span> <span class='ocrx_word' id='word_1_133' title='bbox 838 2549 982 2618; x_wconf 89' lang='lat' dir='ltr'>omnium,</span> <span class='ocrx_word' id='word_1_134' title='bbox 997 2545 1172 2622; x_wconf 90' lang='lat' dir='ltr'>minimeque</span> <span class='ocrx_word' id='word_1_135' title='bbox 1185 2543 1321 2602; x_wconf 77' lang='lat' dir='ltr'>serendos</span> <span class='ocrx_word' id='word_1_136' title='bbox 1333 2559 1396 2600; x_wconf 79' lang='lat' dir='ltr'>esse</span> 
     </span>
     <span class='ocr_line' id='line_1_20' title="bbox 323 2637 1396 2718; baseline -0.006 -22"><span class='ocrx_word' id='word_1_137' title='bbox 323 2639 509 2716; x_wconf 84' lang='lat' dir='ltr'>peregrinos,</span> <span class='ocrx_word' id='word_1_138' title='bbox 524 2639 575 2714; x_wconf 89' lang='lat' dir='ltr'>qui</span> <span class='ocrx_word' id='word_1_139' title='bbox 593 2659 609 2696; x_wconf 88' lang='lat' dir='ltr'>e</span> <span class='ocrx_word' id='word_1_140' title='bbox 628 2641 711 2718; x_wconf 79' lang='lat' dir='ltr'>Syria</span> <span class='ocrx_word' id='word_1_141' title='bbox 724 2641 843 2717; x_wconf 80' lang='lat' dir='ltr'>aliisque</span> <span class='ocrx_word' id='word_1_142' title='bbox 857 2639 987 2698; x_wconf 87' lang='lat' dir='ltr'>Orientis</span> <span class='ocrx_word' id='word_1_143' title='bbox 1008 2637 1175 2714; x_wconf 77' lang='lat' dir='ltr'>regionibus</span> <span class='ocrx_word' id='word_1_144' title='bbox 1189 2639 1310 2694; x_wconf 80' lang='lat' dir='ltr'>llomsm</span> <span class='ocrx_word' id='word_1_145' title='bbox 1324 2653 1396 2691; x_wconf 89' lang='lat' dir='ltr'>con-</span> 
     </span>
     <span class='ocr_line' id='line_1_21' title="bbox 284 2728 1398 2809; baseline -0.004 -21"><span class='ocrx_word' id='word_1_146' title='bbox 284 2735 292 2752; x_wconf 91' lang='lat'><strong><em>¹</em></strong></span> <span class='ocrx_word' id='word_1_147' title='bbox 324 2729 476 2803; x_wconf 78' lang='lat' dir='ltr'>fluxerint,</span> <span class='ocrx_word' id='word_1_148' title='bbox 492 2749 525 2788; x_wconf 88' lang='lat' dir='ltr'>ac</span> <span class='ocrx_word' id='word_1_149' title='bbox 540 2749 659 2806; x_wconf 86' lang='lat' dir='ltr'>prorsus</span> <span class='ocrx_word' id='word_1_150' title='bbox 671 2732 856 2809; x_wconf 82' lang='lat' dir='ltr'>corruperint</span> <span class='ocrx_word' id='word_1_151' title='bbox 864 2749 962 2795; x_wconf 85' lang='lat' dir='ltr'>mores</span> <span class='ocrx_word' id='word_1_152' title='bbox 972 2730 1057 2805; x_wconf 85' lang='lat' dir='ltr'>hujus</span> <span class='ocrx_word' id='word_1_153' title='bbox 1068 2729 1165 2802; x_wconf 89' lang='lat' dir='ltr'>urbis,</span> <span class='ocrx_word' id='word_1_154' title='bbox 1179 2728 1301 2786; x_wconf 83' lang='lat' dir='ltr'>maxime</span> <span class='ocrx_word' id='word_1_155' title='bbox 1316 2728 1398 2783; x_wconf 81' lang='lat' dir='ltr'>Grae·</span> 
     </span>
     <span class='ocr_line' id='line_1_22' title="bbox 324 2820 1397 2899; baseline -0.004 -19"><span class='ocrx_word' id='word_1_156' title='bbox 324 2842 390 2893; x_wconf 89' lang='lat' dir='ltr'>cos,</span> <span class='ocrx_word' id='word_1_157' title='bbox 406 2823 538 2880; x_wconf 89' lang='lat' dir='ltr'>homines</span> <span class='ocrx_word' id='word_1_158' title='bbox 553 2826 670 2895; x_wconf 87' lang='lat' dir='ltr'>molles,</span> <span class='ocrx_word' id='word_1_159' title='bbox 693 2824 883 2895; x_wconf 88' lang='lat' dir='ltr'>libidinosos,</span> <span class='ocrx_word' id='word_1_160' title='bbox 899 2823 1073 2881; x_wconf 87' lang='lat' dir='ltr'>adulationis</span> <span class='ocrx_word' id='word_1_161' title='bbox 1086 2824 1275 2899; x_wconf 86' lang='lat' dir='ltr'>omniumque</span> <span class='ocrx_word' id='word_1_162' title='bbox 1291 2820 1397 2878; x_wconf 85' lang='lat' dir='ltr'>artium</span> 
     </span>
     <span class='ocr_line' id='line_1_23' title="bbox 323 2916 1397 2994; baseline -0.004 -20"><span class='ocrx_word' id='word_1_163' title='bbox 323 2917 526 2994; x_wconf 88' lang='lat' dir='ltr'>peritissimos,</span> <span class='ocrx_word' id='word_1_164' title='bbox 549 2917 600 2993; x_wconf 87' lang='lat' dir='ltr'>qui</span> <span class='ocrx_word' id='word_1_165' title='bbox 618 2919 649 2974; x_wconf 92' lang='lat' dir='ltr'>in</span> <span class='ocrx_word' id='word_1_166' title='bbox 666 2917 791 2974; x_wconf 86' lang='lat' dir='ltr'>divitum</span> <span class='ocrx_word' id='word_1_167' title='bbox 805 2937 835 2974; x_wconf 88' lang='lat' dir='ltr'>sc</span> <span class='ocrx_word' id='word_1_168' title='bbox 850 2916 997 2974; x_wconf 80' lang='lat' dir='ltr'>insinuent</span> <span class='ocrx_word' id='word_1_169' title='bbox 1017 2917 1255 2988; x_wconf 74' lang='lat' dir='ltr'>familiaritatem,</span> <span class='ocrx_word' id='word_1_170' title='bbox 1276 2925 1306 2972; x_wconf 90' lang='lat' dir='ltr'>et</span> <span class='ocrx_word' id='word_1_171' title='bbox 1320 2933 1397 2990; x_wconf 86' lang='lat' dir='ltr'>qno-</span> 
     </span>
     <span class='ocr_line' id='line_1_24' title="bbox 325 3008 1397 3086; baseline -0.007 -17"><span class='ocrx_word' id='word_1_172' title='bbox 325 3031 391 3069; x_wconf 86' lang='lat' dir='ltr'>rum</span> <span class='ocrx_word' id='word_1_173' title='bbox 403 3030 439 3068; x_wconf 88' lang='lat' dir='ltr'>ne</span> <span class='ocrx_word' id='word_1_174' title='bbox 453 3009 618 3086; x_wconf 90' lang='lat' dir='ltr'>philosophi</span> <span class='ocrx_word' id='word_1_175' title='bbox 630 3012 748 3086; x_wconf 89' lang='lat' dir='ltr'>quidem</span> <span class='ocrx_word' id='word_1_176' title='bbox 760 3010 911 3081; x_wconf 82' lang='lat' dir='ltr'>dubitent,</span> <span class='ocrx_word' id='word_1_177' title='bbox 927 3010 1003 3067; x_wconf 79' lang='lat' dir='ltr'>falsis</span> <span class='ocrx_word' id='word_1_178' title='bbox 1016 3009 1187 3068; x_wconf 83' lang='lat' dir='ltr'>testimoniis</span> <span class='ocrx_word' id='word_1_179' title='bbox 1200 3009 1287 3078; x_wconf 88' lang='lat' dir='ltr'>alios,</span> <span class='ocrx_word' id='word_1_180' title='bbox 1304 3008 1397 3082; x_wconf 89' lang='lat' dir='ltr'>ipsos—</span> 
     </span>
     <span class='ocr_line' id='line_1_25' title="bbox 326 3095 1398 3179; baseline -0.006 -19"><span class='ocrx_word' id='word_1_181' title='bbox 326 3122 383 3179; x_wconf 92' lang='lat' dir='ltr'>que</span> <span class='ocrx_word' id='word_1_182' title='bbox 395 3095 517 3173; x_wconf 78' lang='lat' dir='ltr'>amicos,</span> <span class='ocrx_word' id='word_1_183' title='bbox 531 3121 564 3159; x_wconf 90' lang='lat' dir='ltr'>ac</span> <span class='ocrx_word' id='word_1_184' title='bbox 584 3103 739 3179; x_wconf 90' lang='lat' dir='ltr'>discipulos</span> <span class='ocrx_word' id='word_1_185' title='bbox 754 3102 979 3171; x_wconf 83' lang='lat' dir='ltr'>circumvenire,</span> <span class='ocrx_word' id='word_1_186' title='bbox 997 3121 1026 3157; x_wconf 86' lang='lat' dir='ltr'>v.</span> <span class='ocrx_word' id='word_1_187' title='bbox 1041 3099 1194 3172; x_wconf 71' lang='lat'><strong>58-1253</strong></span> <span class='ocrx_word' id='word_1_188' title='bbox 1208 3097 1398 3156; x_wconf 84' lang='lat' dir='ltr'>miserrimam</span> 
     </span>
     <span class='ocr_line' id='line_1_26' title="bbox 326 3189 1397 3270; baseline -0.006 -19"><span class='ocrx_word' id='word_1_189' title='bbox 326 3211 385 3251; x_wconf 75' lang='lat' dir='ltr'>esse</span> <span class='ocrx_word' id='word_1_190' title='bbox 412 3193 610 3251; x_wconf 89' lang='lat' dir='ltr'>conditionem</span> <span class='ocrx_word' id='word_1_191' title='bbox 631 3196 766 3270; x_wconf 87' lang='lat' dir='ltr'>pauperis</span> <span class='ocrx_word' id='word_1_192' title='bbox 784 3195 911 3266; x_wconf 87' lang='lat' dir='ltr'>clientis,</span> <span class='ocrx_word' id='word_1_193' title='bbox 937 3195 985 3251; x_wconf 84' lang='lat' dir='ltr'>cui</span> <span class='ocrx_word' id='word_1_194' title='bbox 1006 3215 1023 3250; x_wconf 85' lang='lat' dir='ltr'>a</span> <span class='ocrx_word' id='word_1_195' title='bbox 1043 3193 1198 3250; x_wconf 88' lang='lat' dir='ltr'>ditioribus</span> <span class='ocrx_word' id='word_1_196' title='bbox 1220 3189 1397 3267; x_wconf 85' lang='lat' dir='ltr'>magistrati·</span> 
     </span>
     <span class='ocr_line' id='line_1_27' title="bbox 325 3281 1396 3364; baseline -0.007 -20"><span class='ocrx_word' id='word_1_197' title='bbox 325 3287 437 3362; x_wconf 86' lang='lat' dir='ltr'>busque</span> <span class='ocrx_word' id='word_1_198' title='bbox 455 3287 572 3344; x_wconf 88' lang='lat' dir='ltr'>summis</span> <span class='ocrx_word' id='word_1_199' title='bbox 588 3287 771 3364; x_wconf 74' lang='lat' dir='ltr'>praeripiatur</span> <span class='ocrx_word' id='word_1_200' title='bbox 785 3291 933 3364; x_wconf 89' lang='lat' dir='ltr'>sportula,</span> <span class='ocrx_word' id='word_1_201' title='bbox 952 3305 1009 3362; x_wconf 86' lang='lat' dir='ltr'>qna</span> <span class='ocrx_word' id='word_1_202' title='bbox 1021 3286 1111 3342; x_wconf 74' lang='lat' dir='ltr'>sitam</span> <span class='ocrx_word' id='word_1_203' title='bbox 1127 3281 1348 3352; x_wconf 84' lang='lat' dir='ltr'>sustentaverit,</span> <span class='ocrx_word' id='word_1_204' title='bbox 1366 3301 1396 3337; x_wconf 87' lang='lat' dir='ltr'>v.</span> 
     </span>
     <span class='ocr_line' id='line_1_28' title="bbox 330 3373 1400 3455; baseline -0.005 -21"><span class='ocrx_word' id='word_1_205' title='bbox 330 3378 498 3448; x_wconf 66' lang='lat' dir='ltr'>rab—rim</span> <span class='ocrx_word' id='word_1_206' title='bbox 513 3397 655 3436; x_wconf 80' lang='lat' dir='ltr'>servosne</span> <span class='ocrx_word' id='word_1_207' title='bbox 668 3379 819 3438; x_wconf 89' lang='lat' dir='ltr'>libertinos</span> <span class='ocrx_word' id='word_1_208' title='bbox 831 3380 951 3437; x_wconf 86' lang='lat' dir='ltr'>ditiores</span> <span class='ocrx_word' id='word_1_209' title='bbox 962 3397 1022 3436; x_wconf 88' lang='lat' dir='ltr'>esse</span> <span class='ocrx_word' id='word_1_210' title='bbox 1035 3377 1181 3455; x_wconf 73' lang='lat' dir='ltr'>ingenuis,</span> <span class='ocrx_word' id='word_1_211' title='bbox 1192 3386 1221 3433; x_wconf 88' lang='lat' dir='ltr'>et</span> <span class='ocrx_word' id='word_1_212' title='bbox 1231 3373 1400 3430; x_wconf 89' lang='lat' dir='ltr'>honoratio·</span> 
     </span>
     <span class='ocr_line' id='line_1_29' title="bbox 327 3467 1400 3548; baseline -0.003 -23"><span class='ocrx_word' id='word_1_213' title='bbox 327 3488 390 3538; x_wconf 87' lang='lat' dir='ltr'>res,</span> <span class='ocrx_word' id='word_1_214' title='bbox 403 3490 431 3525; x_wconf 84' lang='lat' dir='ltr'>v.</span> <span class='ocrx_word' id='word_1_215' title='bbox 447 3470 618 3542; x_wconf 78' lang='lat'>131-1365</span> <span class='ocrx_word' id='word_1_216' title='bbox 638 3490 675 3528; x_wconf 90' lang='lat' dir='ltr'>ne</span> <span class='ocrx_word' id='word_1_217' title='bbox 687 3471 799 3529; x_wconf 86' lang='lat' dir='ltr'>bomini</span> <span class='ocrx_word' id='word_1_218' title='bbox 811 3474 926 3548; x_wconf 87' lang='lat' dir='ltr'>quidem</span> <span class='ocrx_word' id='word_1_219' title='bbox 941 3470 1115 3548; x_wconf 88' lang='lat' dir='ltr'>probissimo</span> <span class='ocrx_word' id='word_1_220' title='bbox 1129 3467 1400 3546; x_wconf 86' lang='lat' dir='ltr'>religiosissimoqne</span> 
     </span>
     <span class='ocr_line' id='line_1_30' title="bbox 327 3560 1400 3642; baseline -0.002 -24"><span class='ocrx_word' id='word_1_221' title='bbox 327 3561 414 3620; x_wconf 87' lang='lat' dir='ltr'>fidem</span> <span class='ocrx_word' id='word_1_222' title='bbox 428 3562 544 3633; x_wconf 86' lang='lat' dir='ltr'>haberi,</span> <span class='ocrx_word' id='word_1_223' title='bbox 567 3562 623 3619; x_wconf 85' lang='lat' dir='ltr'>nisi</span> <span class='ocrx_word' id='word_1_224' title='bbox 642 3562 721 3621; x_wconf 90' lang='lat' dir='ltr'>idem</span> <span class='ocrx_word' id='word_1_225' title='bbox 743 3565 780 3622; x_wconf 89' lang='lat' dir='ltr'>sit</span> <span class='ocrx_word' id='word_1_226' title='bbox 799 3567 943 3642; x_wconf 88' lang='lat' dir='ltr'>locuples,</span> <span class='ocrx_word' id='word_1_227' title='bbox 963 3586 991 3621; x_wconf 85' lang='lat' dir='ltr'>r.</span> <span class='ocrx_word' id='word_1_228' title='bbox 1012 3563 1181 3636; x_wconf 73' lang='lat'>137-1463</span> <span class='ocrx_word' id='word_1_229' title='bbox 1198 3560 1298 3638; x_wconf 88' lang='lat' dir='ltr'>inopes</span> <span class='ocrx_word' id='word_1_230' title='bbox 1313 3572 1400 3637; x_wconf 86' lang='lat' dir='ltr'>atque</span> 
     </span>
     <span class='ocr_line' id='line_1_31' title="bbox 328 3653 1401 3728; baseline -0.001 -17"><span class='ocrx_word' id='word_1_231' title='bbox 328 3667 429 3715; x_wconf 85' lang='lat' dir='ltr'>tenues</span> <span class='ocrx_word' id='word_1_232' title='bbox 445 3655 519 3712; x_wconf 88' lang='lat' dir='ltr'>male</span> <span class='ocrx_word' id='word_1_233' title='bbox 532 3656 651 3713; x_wconf 86' lang='lat' dir='ltr'>vestitos</span> <span class='ocrx_word' id='word_1_234' title='bbox 667 3657 802 3714; x_wconf 89' lang='lat' dir='ltr'>omnibus</span> <span class='ocrx_word' id='word_1_235' title='bbox 819 3658 949 3715; x_wconf 90' lang='lat' dir='ltr'>ludibrio</span> <span class='ocrx_word' id='word_1_236' title='bbox 962 3675 1040 3728; x_wconf 85' lang='lat' dir='ltr'>esse;</span> <span class='ocrx_word' id='word_1_237' title='bbox 1059 3658 1126 3714; x_wconf 90' lang='lat' dir='ltr'>loco</span> <span class='ocrx_word' id='word_1_238' title='bbox 1139 3675 1172 3712; x_wconf 86' lang='lat' dir='ltr'>ac</span> <span class='ocrx_word' id='word_1_239' title='bbox 1187 3653 1255 3712; x_wconf 86' lang='lat' dir='ltr'>sede</span> <span class='ocrx_word' id='word_1_240' title='bbox 1271 3655 1401 3711; x_wconf 90' lang='lat' dir='ltr'>bonora-</span> 
     </span>
     <span class='ocr_line' id='line_1_32' title="bbox 328 3744 1400 3824; baseline -0.001 -21"><span class='ocrx_word' id='word_1_241' title='bbox 328 3747 415 3817; x_wconf 85' lang='lat' dir='ltr'>tiori,</span> <span class='ocrx_word' id='word_1_242' title='bbox 432 3766 518 3823; x_wconf 86' lang='lat' dir='ltr'>quam</span> <span class='ocrx_word' id='word_1_243' title='bbox 533 3748 603 3806; x_wconf 90' lang='lat' dir='ltr'>olim</span> <span class='ocrx_word' id='word_1_244' title='bbox 617 3750 839 3824; x_wconf 82' lang='lat' dir='ltr'>occupaverint,</span> <span class='ocrx_word' id='word_1_245' title='bbox 853 3769 876 3805; x_wconf 40' lang='lat' dir='ltr'>*a</span> <span class='ocrx_word' id='word_1_246' title='bbox 896 3749 1035 3807; x_wconf 79' lang='lat' dir='ltr'>vilissimo</span> <span class='ocrx_word' id='word_1_247' title='bbox 1056 3766 1190 3824; x_wconf 92' lang='lat' dir='ltr'>quoque,</span> <span class='ocrx_word' id='word_1_248' title='bbox 1210 3746 1300 3803; x_wconf 88' lang='lat' dir='ltr'>modo</span> <span class='ocrx_word' id='word_1_249' title='bbox 1319 3744 1400 3802; x_wconf 82' lang='lat' dir='ltr'>dives</span> 
     </span>
     <span class='ocr_line' id='line_1_33' title="bbox 326 3837 1400 3917; baseline -0.003 -22"><span class='ocrx_word' id='word_1_250' title='bbox 326 3839 376 3896; x_wconf 89' lang='lat' dir='ltr'>ille</span> <span class='ocrx_word' id='word_1_251' title='bbox 391 3838 443 3909; x_wconf 89' lang='lat' dir='ltr'>sit,</span> <span class='ocrx_word' id='word_1_252' title='bbox 463 3838 551 3915; x_wconf 74' lang='lat' dir='ltr'>pelli,</span> <span class='ocrx_word' id='word_1_253' title='bbox 571 3842 594 3896; x_wconf 90' lang='lat' dir='ltr'>si</span> <span class='ocrx_word' id='word_1_254' title='bbox 615 3838 704 3896; x_wconf 86' lang='lat' dir='ltr'>filiam</span> <span class='ocrx_word' id='word_1_255' title='bbox 721 3841 841 3917; x_wconf 84' lang='lat' dir='ltr'>alicujus</span> <span class='ocrx_word' id='word_1_256' title='bbox 864 3841 974 3916; x_wconf 91' lang='lat' dir='ltr'>nuptiis</span> <span class='ocrx_word' id='word_1_257' title='bbox 995 3840 1138 3911; x_wconf 87' lang='lat' dir='ltr'>ambiant,</span> <span class='ocrx_word' id='word_1_258' title='bbox 1159 3837 1322 3913; x_wconf 74' lang='lat' dir='ltr'>repudiari,</span> <span class='ocrx_word' id='word_1_259' title='bbox 1339 3855 1400 3894; x_wconf 91' lang='lat' dir='ltr'>non</span> 
     </span>
     <span class='ocr_line' id='line_1_34' title="bbox 328 3929 1401 4010; baseline -0.004 -22"><span class='ocrx_word' id='word_1_260' title='bbox 328 3931 417 3988; x_wconf 83' lang='lat' dir='ltr'>scribi</span> <span class='ocrx_word' id='word_1_261' title='bbox 422 3931 556 4004; x_wconf 60' lang='lat' dir='ltr'>heredem</span> <span class='ocrx_word' id='word_1_262' title='bbox 568 3933 718 4010; x_wconf 85' lang='lat' dir='ltr'>ansgotiis</span> <span class='ocrx_word' id='word_1_263' title='bbox 725 3933 850 4010; x_wconf 89' lang='lat' dir='ltr'>publicis</span> <span class='ocrx_word' id='word_1_264' title='bbox 861 3933 1020 4004; x_wconf 75' lang='lat' dir='ltr'>removeri,</span> <span class='ocrx_word' id='word_1_265' title='bbox 1031 3951 1125 4008; x_wconf 89' lang='lat' dir='ltr'>neque</span> <span class='ocrx_word' id='word_1_266' title='bbox 1136 3929 1218 3988; x_wconf 85' lang='lat' dir='ltr'>iacile</span> <span class='ocrx_word' id='word_1_267' title='bbox 1229 3949 1265 3988; x_wconf 82' lang='lat' dir='ltr'>cr</span> <span class='ocrx_word' id='word_1_268' title='bbox 1275 3939 1401 4007; x_wconf 86' lang='lat' dir='ltr'>egestate</span> 
     </span>
     <span class='ocr_line' id='line_1_35' title="bbox 328 4021 1401 4102; baseline -0.001 -25"><span class='ocrx_word' id='word_1_269' title='bbox 328 4033 414 4097; x_wconf 87' lang='lat' dir='ltr'>atque</span> <span class='ocrx_word' id='word_1_270' title='bbox 428 4023 532 4080; x_wconf 88' lang='lat' dir='ltr'>humili</span> <span class='ocrx_word' id='word_1_271' title='bbox 551 4024 718 4082; x_wconf 89' lang='lat' dir='ltr'>conditione</span> <span class='ocrx_word' id='word_1_272' title='bbox 736 4042 885 4102; x_wconf 82' lang='lat' dir='ltr'>emergere</span> <span class='ocrx_word' id='word_1_273' title='bbox 901 4035 1024 4099; x_wconf 84' lang='lat' dir='ltr'>propter</span> <span class='ocrx_word' id='word_1_274' title='bbox 1040 4023 1139 4080; x_wconf 88' lang='lat' dir='ltr'>insana</span> <span class='ocrx_word' id='word_1_275' title='bbox 1156 4021 1286 4079; x_wconf 88' lang='lat' dir='ltr'>omnium</span> <span class='ocrx_word' id='word_1_276' title='bbox 1302 4037 1401 4077; x_wconf 88' lang='lat' dir='ltr'>rernm</span> 
     </span>
     <span class='ocr_line' id='line_1_36' title="bbox 329 4101 1401 4192; baseline -0.002 -22"><span class='ocrx_word' id='word_1_277' title='bbox 329 4113 439 4190; x_wconf 91' lang='lat' dir='ltr'>pretia,</span> <span class='ocrx_word' id='word_1_278' title='bbox 451 4135 480 4170; x_wconf 84' lang='lat' dir='ltr'>v.</span> <span class='ocrx_word' id='word_1_279' title='bbox 499 4125 671 4189; x_wconf 65' lang='lat'>147-1705</span> <span class='ocrx_word' id='word_1_280' title='bbox 692 4101 873 4174; x_wconf 84' lang='lat' dir='ltr'>ambitiosam</span> <span class='ocrx_word' id='word_1_281' title='bbox 889 4135 948 4176; x_wconf 83' lang='lat' dir='ltr'>esse</span> <span class='ocrx_word' id='word_1_282' title='bbox 962 4125 1174 4192; x_wconf 86' lang='lat' dir='ltr'>paupertatem,</span> <span class='ocrx_word' id='word_1_283' title='bbox 1190 4131 1283 4189; x_wconf 83' lang='lat' dir='ltr'>neque</span> <span class='ocrx_word' id='word_1_284' title='bbox 1295 4131 1352 4188; x_wconf 92' lang='lat' dir='ltr'>pro</span> <span class='ocrx_word' id='word_1_285' title='bbox 1366 4130 1401 4168; x_wconf 85' lang='lat' dir='ltr'>re</span> 
     </span>
    </p>
   </div>
   <div class='ocr_carea' id='block_1_9' title="bbox 0 0 1589 4986">
    <p class='ocr_par' dir='ltr' id='par_1_9' title="bbox 0 0 1589 4986">
     <span class='ocr_line' id='line_1_37' title="bbox 0 0 1589 4986; baseline 0 0"><span class='ocrx_word' id='word_1_286' title='bbox 0 0 1589 4986; x_wconf 95' lang='lat' dir='ltr'> </span> 
     </span>
    </p>
   </div>
  </div>
 </body>
</html>
