3058 4988
420 499 474 567 ΙΝ
497 495 731 567 suumin
754 499 970 568 sexuum.
1169 504 1233 586 469

150 609 345 684 circumagere,
356 614 535 684 procumbere
546 613 628 664 etiem
642 611 819 683 dextramque
831 613 873 665 ori
887 611 1031 666 admovere
1042 611 1179 683 (adorare)
1191 632 1235 665 so·

150 695 252 750 lebant.
264 696 343 749 Coul.
355 695 428 748 Suet.
441 697 534 750 Vitell.
546 715 571 748 u.
581 726 617 737 -
628 697 744 755 Cithara,
759 695 916 749 citharoedo.
985 731 987 737 ,

186 854 258 902 Vin.
278 855 337 918 39²·
352 854 473 912 Protulit,
487 870 527 912 ro,
543 855 583 914 16,
597 855 636 913 18,
651 869 690 916 19,
701 869 743 914 27,
756 854 993 919 rodose-69,
1005 863 1125 917 71-74,
1139 870 1181 917 77,
1192 855 1237 914 85,

152 949 178 986 et
187 941 227 987 xl
239 937 324 988 codd..
332 938 407 988 Puris.
418 939 488 1004 quod
498 939 600 1003 probet,
614 947 703 1002 praeter
717 939 749 986 H.
761 937 887 986 Valesium
897 949 922 987 et
933 939 1009 1000 elios,
1024 935 1146 987 Dorldonr
1152 973 1168 997 „
1177 939 1236 1002 quie

151 1032 237 1087 agatur
249 1023 281 1071 de
293 1023 450 1088 proferendis
460 1023 513 1071 voti
523 1022 606 1071 verbis
616 1022 769 1078 solennibus.
784 1023 818 1070 Ar
829 1021 879 1070 vid.
889 1023 986 1072 Comm.
1114 1023 1118 1034 “

188 1115 215 1168 N
216 1135 261 1168 on.
282 1116 345 1183 39o.
364 1118 469 1168 Pertulit
481 1120 562 1167 ‘uerbo
577 1119 672 1166 dicrota
684 1134 700 1169 a
711 1114 868 1180 sacerdote,
883 1101 1101 1188 seuharuspice‚
1113 1117 1165 1189 qui
1176 1133 1236 1187 pre·

152 1200 279 1254 cantibus
295 1201 426 1254 solemnes
439 1219 551 1273 precum
567 1199 700 1253 formulae
709 1199 743 1253 de
755 1199 857 1272 scripto
873 1201 969 1271 praeire
982 1201 1101 1262 solebat,
1117 1200 1236 1272 nequid

150 1285 336 1355 praeteriretur
351 1285 510 1347 verborum,
525 1296 571 1336 aut
583 1295 778 1355 praeposterum
790 1281 934 1336 diceretur.
947 1285 991 1356 lte
1003 1285 1072 1338 Plin.
1084 1285 1197 1350 XVI-11,
1211 1304 1235 1337 u.

150 1400 188 1410 —
198 1371 319 1428 Pertulit,
340 1369 374 1421 ab
392 1367 472 1422 initio
488 1365 621 1420 adfinem
638 1366 760 1437 repetiit,
775 1366 818 1419 vel
837 1367 872 1420 ad
890 1365 966 1420 deos.
986 1369 1027 1422 lta
1044 1368 1134 1423 Schol.
1154 1369 1235 1439 prob.

150 1450 278 1506 Gronov.
291 1450 325 1504 ad
336 1451 405 1505 Plin.
417 1443 533 1515 XVIII,
548 1456 580 1516 4,
595 1452 644 1521 qui
659 1451 688 1503 id
699 1451 805 1504 dictum
818 1453 932 1522 putabat
944 1471 1041 1524 genere
1050 1452 1180 1527 loquendi
1191 1455 1239 1506 Sa-

149 1536 234 1589 tirem
245 1535 392 1591 admodum
402 1535 507 1590 decenti
516 1537 545 1590 in
555 1537 682 1608 precibus
692 1536 839 1608 presertim
847 1554 943 1606 peutrm
953 1538 1080 1608 probatis.
1091 1568 1126 1577 —
1135 1541 1238 1589 Dictota

151 1624 266 1692 magr'stri
275 1626 358 1674 cronia
367 1641 492 1692 peregere
500 1635 581 1693 poeta
591 1621 660 1674 dixit
667 1622 703 1685 V,
713 1639 771 1674 tua.
785 1620 827 1674 Cf.
836 1620 904 1673 Var-
913 1621 999 1674 Lectt.
1011 1652 1044 1662 —
1055 1624 1151 1673 Palluit
1159 1621 1238 1674 anxia

152 1701 187 1757 de
198 1722 333 1777 responso
340 1704 503 1778 haruspicis,
517 1722 550 1757 ex
560 1720 664 1773 operto,
674 1704 701 1757 b.
710 1723 733 1757 e.
742 1702 875 1769 ffissectre,
887 1704 1074 1760 siremactatae
1083 1705 1239 1776 agnoscatis

151 1787 244 1842 lutura
259 1807 323 1843 mox
338 1788 498 1844 divinaturi.

639 1894 660 1906 ..
671 1859 868 1922 ..Pecndumque
879 1861 985 1913 reclusis,

375 1936 516 1984 Pectoribus
527 1934 621 1981 Tauiana
633 1934 747 1998 spirantia
757 1935 861 1980 consulit
870 1944 936 1992 exte,

152 2021 489 2092 virg.AEneid.1v,63,
506 2027 549 2084 66·
594 2043 595 2048 ¹

186 2115 258 2168 Nor.
279 2117 331 2184 393
346 2135 405 2190 sqq.
426 2116 597 2190 Apostrophe
611 2115 761 2170 eddanum
773 2137 836 2170 cum
853 2135 957 2174 summa
972 2115 1171 2189 indignatione,
1186 2139 1238 2174 neo

151 2199 212 2252 sine
226 2200 351 2254 irrisione
366 2200 487 2255 deorum.
504 2201 584 2254 Coui.
598 2201 642 2265 11,
657 2205 809 2265 rod—132,
825 2201 916 2272 diique
931 2214 987 2254 not.
1003 2202 1103 2272 Magna
1115 2203 1158 2255 vie
1169 2204 1238 2264 inest

153 2283 182 2334 in
197 2283 358 2355 repetitione
369 2285 444 2336 vocis
458 2287 506 2345 dic,
520 2297 547 2338 et
560 2285 588 2337 in
602 2285 691 2338 verbis
704 2285 873 2354 antiquissime
885 2288 980 2338 Discern.
992 2286 1077 2338 Januo
1090 2288 1238 2354 antiquissi-
1270 2341 1274 2356 ,

152 2387 206 2418 rous
223 2368 308 2421 ltalire
322 2367 406 2432 deus,
423 2369 466 2422 rel
479 2369 559 2421 heros
572 2387 579 2420 τ
594 2367 658 2420 vide
670 2368 766 2439 lleyne
780 2367 845 2422 Exc.
858 2368 885 2418 V
898 2366 935 2420 ad
951 2369 1030 2440 Virg.
1050 2367 1156 2423 AEneid.
1171 2370 1237 2425 v11.

153 2449 230 2502 lline
240 2463 266 2503 et
278 2457 334 2502 κατ’
348 2451 432 2518 ἐξοχὴν
442 2466 518 2518 poter
526 2449 667 2504 dicebatur
680 2469 686 2504 r
701 2451 755 2504 hoc
766 2451 837 2503 euim
849 2463 889 2503 est
900 2469 958 2505 voc.
973 2451 1095 2517 honoris,
1111 2471 1237 2506 reveren·

152 2532 210 2596 tire,
224 2533 322 2586 amoris
333 2552 364 2588 ac
376 2533 527 2606 religionis,
541 2532 616 2606 quod
627 2535 736 2606 proprie
747 2546 774 2586 et
785 2535 903 2606 primum
913 2535 1064 2589 senioribus
1075 2539 1238 2610 majoribus·
1283 2597 1289 2616 N

151 2635 207 2690 qne
215 2616 266 2670 diis
277 2619 371 2686 (etiam
380 2619 463 2673 maris
473 2637 503 2672 ac
513 2616 681 2686 fluviorum),
696 2616 793 2671 deinde
803 2637 867 2672 reru
880 2631 906 2672 et
915 2619 1028 2692 reliquis
1041 2619 1155 2674 inditum
1167 2635 1216 2676 est.
1226 2634 1235 2659 ¹

189 2703 259 2755 Nor.
279 2702 340 2772 394.
360 2707 412 2765 Hb,
429 2717 484 2756 tam
494 2702 596 2774 putidis
606 2702 769 2775 nefariisque
779 2703 944 2767 mulieribus,
954 2718 981 2758 et
994 2703 1027 2758 de
1037 2707 1137 2758 talibus
1146 2708 1236 2771 rebus,

151 2805 285 2860 responsa
296 2785 357 2851 deo,
371 2789 414 2840 vel
425 2786 493 2840 adeo
506 2787 606 2840 talibus
618 2786 689 2839 votis
705 2790 846 2855 respondes,
863 2787 984 2859 talesque
998 2807 1090 2860 preces
1106 2790 1235 2844 exaudis?

152 2872 237 2940 Quod
249 2873 272 2926 si
285 2872 364 2938 facie,
380 2884 547 2942 magnasunt
562 2871 654 2943 utique
667 2873 719 2922 osia
732 2873 804 2934 coeit',
817 2871 869 2925 hoc
884 2882 942 2937 ert,
956 2890 1083 2943 magnum
1097 2886 1138 2926 est
1150 2874 1237 2927 otium

152 2957 281 3022 deorum,
294 2977 343 3013 nec
358 2955 432 3011 aliud
450 2955 580 3029 gravioris
595 2955 740 3020 momenti,
756 2953 831 3026 quod
844 2969 926 3023 agant
940 2968 966 3008 et
980 2970 1083 3010 eurem.
1097 2958 1181 3012 Poeta
1194 2979 1237 3012 re·

151 3042 273 3114 spexisse
287 3054 314 3094 et
332 3040 446 3093 irrisisse
462 3037 570 3092 videtur
584 3037 681 3110 dogma
695 3037 905 3109 Epicureorum,
921 3040 968 3110 qui
981 3038 1045 3093 deus
1059 3041 1088 3093 in
1104 3054 1236 3114 perpetuo

151 3127 212 3181 otio
228 3138 335 3198 tempus
350 3125 464 3178 feliciter
480 3124 642 3196 transigere,
655 3141 743 3194 neque
757 3141 800 3175 res
817 3123 948 3176 humanas
964 3143 1059 3177 curare
1073 3127 1236 3197 putabant.²

151 3215 190 3264 At
207 3211 294 3263 multo
312 3208 472 3264 invidiosius
488 3206 571 3271 dicit,
588 3206 653 3260 deos
669 3205 778 3277 quidem
796 3225 892 3259 curare
909 3226 951 3259 res
965 3207 1111 3274 humanas,
1130 3208 1236 3263 sedeas

151 3308 279 3360 tannim,
296 3313 356 3370 quae
375 3293 499 3365 ipsorum
518 3311 583 3346 cura
603 3290 800 3363 indignissime
821 3290 890 3352 sint,
912 3291 1082 3362 gravissimas
1102 3309 1168 3346 vero
1188 3313 1237 3348 ue·

153 3378 265 3450 gligere.

191 3525 259 3573 Van.
280 3526 338 3588 395.
354 3525 429 3590 Quid,
443 3542 484 3585 11,
498 3527 539 3587 16,
551 3541 593 3584 aa,
606 3534 652 3584 aa,
664 3526 705 3585 25,
717 3505 961 3587 45-50,'⁵s-69,
974 3534 1086 3585 71-74,
1099 3524 1141 3572 8⁵.

190 3625 260 3672 Van.
281 3624 340 3686 396.
357 3622 474 3679 Comedo,
491 3632 533 3680 aa.

190 3715 261 3768 Nor.
282 3717 343 3783 396.
364 3720 422 3766 Haec
436 3727 463 3767 et
477 3718 521 3767 illa
536 3733 573 3768 sc.
586 3715 695 3779 mulier,
707 3715 812 3765 consolis
823 3725 859 3775 te,
878 3729 973 3784 propr.
988 3713 1123 3782 haruspex
1138 3724 1199 3765 exta
1211 3726 1238 3766 et

152 3796 269 3861 deiude,
288 3799 329 3851 bis
342 3798 488 3871 inspectis,
503 3797 593 3852 deum.
605 3831 640 3840 -
654 3801 786 3852 Varioosus
798 3795 912 3859 dicitur,
926 3795 974 3867 qui
984 3798 1100 3857 varices,
1115 3795 1168 3850 hoc
1182 3811 1237 3864 est,

579 3981 810 4002 mmmm

190 4113 200 4138 ¹
221 4107 322 4155 Confer.
335 4109 415 4164 xm,
431 4106 674 4171 81;1ntpp.v1rgit
758 4109 769 4135 ²
788 4102 888 4152 Confer.
906 4105 1001 4152 Lucret.
1020 4104 1070 4162 vt,
1088 4105 1133 4164 575
1152 4104 1238 4156 llorat.

153 4185 252 4234 AEueid.
271 4188 297 4246 1,
314 4185 472 4246 remulo.
490 4186 526 4233 Fi.
543 4189 570 4245 l,
588 4201 632 4246 ιι,
650 4196 675 4234 et
720 4188 751 4244 1,
769 4186 793 4244 5,
815 4200 861 4232 tor
880 4199 930 4247 seq.
947 4185 1005 4232 Seu.
1024 4184 1055 4232 de
1069 4185 1128 4232 Beu.
1143 4186 1190 4244 tv,
1209 4195 1239 4243 4;

156 4267 258 4314 l’etrou.
269 4283 291 4314 c.
302 4275 343 4323 tr.
720 4267 819 4329 Menag.
833 4265 865 4312 ad
879 4265 951 4328 Diog.
962 4265 1041 4312 Laert.
1054 4263 1097 4312 lib.
1113 4265 1153 4323 X,
1166 4263 1183 4328 S
1197 4280 1237 4324 77.
