3134 4990
328 404 392 470 558
489 403 661 469 VARIAE
683 403 974 468 LEGTIONES
997 403 1061 468 ΕΤ
1084 401 1236 469 NOTAE

326 537 452 584 nemora,
466 518 563 580 sontes,
574 519 671 568 umbras
683 528 711 568 et
720 533 836 570 amoenos
846 515 1033 587 solitarioaque
1043 533 1162 570 renerent
1171 516 1302 570 montimn
1310 515 1397 570 lineis

330 619 469 654 sacrorum
478 639 486 665 ,
500 599 576 654 verbi
587 617 681 652 0111111
690 601 779 650 Pieria
788 599 817 652 in
831 597 1005 663 Macedonia,
1017 600 1063 652 nbi
1072 600 1195 654 hominen
1204 599 1280 654 docti
1289 613 1314 653 et
1323 601 1393 671 inpr.

324 700 411 758 poete
424 704 487 739 cum
497 685 583 738 Musis
595 684 712 748 versari,
725 701 870 754 maenaque
880 681 1038 736 excelsiores
1050 683 1194 756 concipere
1208 683 1393 738 credebam.

326 770 403 822 Cont‘.
415 767 450 821 ad
462 785 502 822 va.
516 771 547 832 6,
560 765 604 832 58,
619 767 662 833 59,
675 775 702 820 et
714 766 800 838 intpp.
812 765 906 819 Horat.
918 765 971 819 Od.
983 767 1028 832 ll,
1043 783 1067 832 1,
1081 767 1130 834 39,
1143 767 1204 835 111,
1217 773 1249 830 4,
1263 774 1305 830 4ο.

362 939 428 985 Vae.
447 953 472 1000 9.
488 917 583 984 71111111
593 951 738 1002 nomenque,
756 938 797 996 16,
811 953 852 984 11.
865 963 902 973 —-
914 935 1051 995 Macharta,
1068 939 1110 994 48.
1122 937 1240 994 11101111,
1254 950 1355 995 11,11.

363 1027 432 1081 Non.
451 1043 476 1094 9.
494 1028 622 1079 Maelaera
635 1039 724 1096 potest
737 1045 796 1081 enee
810 1043 909 1080 nomen
923 1029 964 1080 vel
977 1029 1123 1099 pannonia,
1141 1027 1195 1078 illie
1209 1025 1281 1080 forte
1295 1037 1403 1096 tempo·

326 1113 402 1166 ribus
414 1112 486 1173 noti,
501 1113 537 1164 ob
545 1129 601 1183 neq.
612 1112 670 1177 rel,
680 1124 711 1164 ut
719 1110 766 1164 alii
776 1123 885 1182 putant,
893 1111 1006 1182 parariti
1016 1151 1024 1178 ,
1036 1124 1066 1165 ut
1077 1112 1134 1164 haec
1144 1111 1226 1163 rerba
1236 1107 1272 1162 ed
1282 1127 1326 1162 ve.
1340 1127 1366 1178 7,
1377 1120 1404 1161 et

327 1195 430 1266 reliqna
441 1197 639 1262 uendaspotias,
653 1207 704 1248 etc.
715 1193 749 1247 ad
759 1213 800 1250 ra.
813 1196 838 1260 5,
852 1197 878 1260 6,
888 1193 1026 1248 referenda
1036 1195 1104 1248 rint:
1117 1193 1168 1246 nini
1177 1193 1254 1246 1111111
1265 1204 1403 1246 tonrorenr

328 1279 491 1350 intelligere,
510 1279 558 1351 qni
573 1278 639 1331 olim
657 1277 744 1330 crinea
761 1297 817 1330 non
839 1277 948 1342 forfice,
967 1275 1015 1330 aed
1033 1292 1115 1333 aonto
1132 1278 1234 1342 cultro,
1254 1279 1402 1334 novacula,

327 1365 373 1432 μιᾷ
387 1375 433 1414 ant
448 1360 523 1432 διπλῇ
536 1359 662 1432 μαχαίρᾳ,
682 1359 818 1413 tondebat.
837 1358 902 1413 Vid.
916 1360 1045 1432 Bottigeri
1061 1361 1177 1422 Sabine,
1199 1377 1262 1432 pag.
1279 1357 1331 1411 333
1346 1375 1403 1429 req.

330 1445 397 1498 edit.
415 1465 458 1517 pr.

365 1527 435 1593 Nor.
457 1557 499 1595 10.
518 1540 605 1590 Auctio
623 1539 750 1589 commissa
771 1537 820 1590 tibi
838 1556 852 1590 a
870 1539 1041 1611 magistratu,
1059 1541 1100 1592 vel
1115 1537 1231 1593 dominia
1248 1556 1342 1591 rerum
1358 1555 1404 1589 ve·

329 1623 446 1684 uallum,
461 1622 508 1694 qni
520 1639 578 1674 earu
594 1619 705 1674 iaciunt.
719 1621 772 1674 Alii
784 1624 903 1694 jungunt
919 1643 1062 1696 perperam
1075 1629 1171 1676 vendas
1185 1627 1329 1686 commissa,
1346 1639 1404 1694 quae

328 1705 379 1758 tibi
393 1725 409 1759 a
422 1705 531 1758 domina
545 1703 693 1768 dotarunt,
706 1718 737 1758 ut
746 1704 864 1760 vendas:
876 1708 924 1760 alii
936 1725 1067 1762 veronen
1079 1710 1148 1761 male
1159 1719 1256 1781 putant
1266 1709 1404 1759 auctionem

331 1788 412 1858 (Gall.
425 1791 537 1858 emolire)
551 1789 683 1854 committi,
694 1787 769 1858 quod
780 1790 925 1844 licitatorea
933 1804 1028 1844 stantes
1037 1831 1044 1857 ,
1053 1791 1106 1844 hoc
1118 1803 1174 1858 est,
1185 1791 1405 1852 circumstantes,

330 1874 402 1926 inter
418 1891 447 1926 ae
462 1871 540 1943 quasi
554 1871 744 1934 committantur,
757 1883 789 1923 nt
802 1871 930 1926 licitando
947 1887 1081 1946 pugnent,
1099 1887 1125 1928 et
1141 1875 1188 1946 qui
1203 1874 1231 1925 in
1245 1873 1299 1926 hae
1314 1889 1405 1944 pogna

329 1955 416 2027 pluria
425 1956 548 2018 licentur,
556 1953 643 2007 victor
652 1952 762 2019 evadat,
775 1973 886 2028 remque
899 1959 985 2030 pretio
996 1973 1094 2010 annam
1102 1971 1230 2030 reportet.
1240 1959 1320 2010 Cons.
1333 1955 1367 2009 ad
1378 1955 1404 2017 1,

332 2036 399 2107 163;
411 2039 463 2102 VI,
478 2038 541 2106 373,
553 2034 614 2098 436.
627 2065 663 2076 -
672 2040 759 2088 Arretio
770 2057 825 2092 non
835 2041 944 2112 proprie
952 2043 1051 2104 uendit,
1063 2032 1109 2094 reti
1119 2042 1166 2113 qui
1176 2041 1318 2095 eumfacit.

366 2205 434 2252 Van.
455 2211 497 2246 rt.
513 2194 633 2259 Tripodas
644 2211 692 2261 pro
703 2195 809 2263 tripodes
822 2200 935 2248 revomi
949 2216 981 2248 ex
994 2201 1144 2259 10,13,14.

366 2292 436 2345 Non.
457 2307 498 2342 11.
513 2289 700 2352 OEnaphomm
708 2277 978 2354 4415411441-
988 2293 1117 2360 Tripodas,
1127 2293 1170 2345 vel
1178 2310 1293 2356 mensas,
1306 2291 1347 2345 vel
1357 2290 1408 2343 rel·

332 2380 382 2442 lar,
389 2375 432 2429 vel
442 2390 518 2436 vasa,
529 2369 617 2422 tribua
624 2367 740 2439 pedibus
752 2371 829 2426 111111.
837 2404 872 2412 -
879 2372 932 2424 Pro
939 2367 1059 2443 tripodas,
1069 2377 1158 2444 rr‘pr'des
1166 2373 1211 2428 dat
1219 2372 1288 2428 Cod.
1300 2373 1407 2426 Thoan.

331 2474 399 2518 teste
409 2458 512 2513 clariss.
528 2456 679 2504 Boissorrade
689 2453 723 2508 ad
737 2455 885 2509 Heracliani
899 2457 1005 2512 Partitt.
1017 2452 1079 2532 p'ag.
1095 2461 1157 2524 118,
1172 2460 1218 2532 qui
1228 2459 1300 2513 hanc
1313 2459 1407 2512 lectio·

331 2563 395 2599 nem
406 2559 440 2595 ne
453 2548 627 2594 memoratum
639 2536 748 2607 quidem
761 2558 777 2592 a
789 2539 927 2594 iuvenalia
939 2539 1085 2594 editoribur
1099 2543 1208 2595 omnino
1223 2540 1407 2614 recipiendam

313 2643 316 2648 ’
329 2627 447 2703 judicat,
462 2622 524 2696 quia
535 2619 595 2690 plus
608 2619 706 2675 haheat
720 2623 834 2676 satirica
847 2641 921 2676 veno
935 2639 1015 2696 qnam
1029 2625 1122 2679 altera.
1137 2623 1237 2678 Eadem
1250 2625 1329 2677 lectio
1343 2641 1358 2676 a
1374 2623 1408 2675 cl.

332 2713 434 2783 Ruperti
446 2709 473 2762 io
486 2706 590 2776 aliquot
602 2703 688 2760 codd.
702 2719 810 2778 reperta
823 2719 877 2772 eat,
895 2719 922 2760 et
934 2707 1027 2762 fortan
1038 2707 1199 2782 recipienda.
1213 2701 1289 2767 treta.
1302 2710 1367 2779 ῥιπὴ,
1379 2719 1408 2759 et

333 2795 452 2871 proiciare,
464 2789 612 2859 flabellum,
626 2791 697 2847 unde
711 2793 807 2864 prasina
820 2793 872 2862 (al.
884 2792 1011 2860 4111νὺ1111,
1021 2792 1200 2863 καταψύχειν),
1207 2795 1313 2862 flabarii
1320 2794 1407 2861 etfle-

333 2883 466 2951 belliferm
482 2873 538 2929 vid.
552 2873 666 2932 Caaanb.
678 2874 712 2929 ad
726 2875 837 2930 Snaton.
852 2879 920 2946 Aug.
933 2895 991 2946 cap.
1006 2875 1055 2940 80,
1069 2877 1158 2929 Burm.
1172 2877 1231 2930 Sec.
1247 2874 1282 2929 ad
1296 2875 1407 2928 Anthol.

331 2968 391 3019 Lat.
409 2977 473 3016 tom.
490 2963 539 3029 11,
555 2982 615 3035 pag.
629 2959 698 3032 370,
709 2971 737 3011 et
749 2959 873 3029 inprimis
888 2959 1021 3031 Bottigeri
1036 2957 1150 3024 Sabina,
1163 2979 1226 3033 pag.
1238 2961 1305 3025 455,
1319 2963 1408 3023 461-

333 3055 395 3120 479,
405 3045 448 3100 ed.
460 3064 503 3117 pr.
512 3047 567 3100 En.
578 3076 614 3086 --
623 3046 753 3108 Ameria,
761 3041 875 3106 ecrinia,
885 3042 914 3094 in
924 3043 1021 3114 quibus
1031 3043 1105 3108 libri,
1114 3063 1193 3110 rara,
1203 3055 1292 3098 reaten
1302 3044 1408 3116 aliaque

331 3141 509 3202 reponuntur.

367 3223 434 3277 Non.
457 3239 498 3274 11.
518 3221 619 3293 Magna
633 3230 673 3273 ert
686 3219 714 3271 h.
727 3219 745 3270 l.
758 3217 872 3272 varietas
883 3219 1023 3286 librorum,
1035 3234 1062 3275 et
1072 3235 1225 3276 nostrornm
1238 3234 1265 3275 et
1277 3221 1410 3276 Parisien·

251 3359 256 3370 ,
332 3310 419 3374 sium,
437 3308 466 3360 iu
479 3303 774 3376 nominibuapropriia.
790 3335 826 3344 -
842 3307 992 3372 Alcyonen,
1011 3305 1105 3368 15,13,
1121 3307 1216 3372 15,16,
1231 3305 1274 3370 50,
1293 3309 1409 3368 56-60,

333 3394 377 3460 67,
390 3409 433 3463 7ο,
447 3407 492 3461 77,
510 3388 554 3440 81.
574 3387 694 3460 Alcyone
710 3385 797 3445 AEoli,
812 3385 865 3438 alia
882 3386 1038 3460 Marpessa,
1058 3388 1111 3441 ulia
1123 3389 1239 3442 Atlantis
1256 3387 1325 3440 filia:
1345 3387 1408 3442 ride

333 3475 428 3546 Heyne
438 3472 473 3524 ad
483 3467 642 3541 Apollodor.
653 3471 682 3534 1,
692 3489 717 3540 7,
730 3475 760 3532 4,
770 3481 796 3523 et
807 3487 838 3537 9;
848 3469 907 3538 111,
921 3489 962 3536 10,
976 3489 998 3524 1.
1018 3475 1182 3539 Halcyonem,
1195 3477 1239 3536 61,
1250 3471 1293 3532 63,
1308 3473 1354 3538 65,
1364 3475 1409 3536 66,

334 3566 381 3630 74,
392 3562 549 3624 Halqyoaea,
564 3559 615 3615 61,
632 3556 675 3618 68,
688 3557 732 3621 69,
747 3557 851 3626 71-73
862 3573 869 3621 ;
881 3559 1022 3620 Alcinoem,
1036 3561 1082 3619 14,
1100 3561 1145 3622 16,
1159 3559 1295 3618 Alcieoen,
1305 3575 1350 3627 17,
1365 3556 1409 3618 45,

334 3650 377 3716 47,
388 3645 430 3707 48,
442 3642 491 3707 55,
503 3642 607 3693 Alcinoo
617 3638 749 3702 Stheneli,
761 3652 787 3690 ot
798 3640 848 3692 alia
861 3639 957 3712 Polybi
969 3639 1033 3692 fitia.
1049 3641 1088 3694 De
1099 3639 1145 3692 illa
1156 3638 1218 3691 ride
1226 3637 1356 3710 Apollod.
1367 3639 1409 3700 11,

334 3737 366 3792 4,
376 3729 408 3795 5,
421 3729 455 3782 de
467 3727 519 3780 1110
531 3723 670 3778 Parthenii
679 3723 802 3788 Erotion,
818 3743 841 3777 c.
853 3741 902 3792 17,
915 3725 1055 3788 Alcydoien
1064 3763 1072 3789 ,
1080 3729 1127 3791 49,
1137 3728 1292 3790 Alaricum,
1305 3731 1354 3786 14,
1368 3727 1411 3774 AI-

332 3832 438 3878 eynoen,
457 3828 503 3877 10,
515 3809 564 3875 54,
576 3811 624 3873 64,
639 3809 795 3869 Alchinoem,
809 3826 841 3859 11
852 3827 859 3873 ;
873 3809 1027 3874 Alebaece,
1040 3825 1081 3878 17,
1093 3825 1140 3870 10,
1153 3811 1301 3872 Altiainoarr,
1313 3826 1362 3866 11,
1374 3837 1410 3847 -

333 3899 444 3959 Alcione,
464 3897 511 3959 46,
524 3893 667 3954 Aleionem,
681 3891 722 3954 18,
736 3906 785 3958 19,
797 3893 926 3951 Aloioaen,
941 3893 990 3952 60,
1001 3893 1137 3950 Altinum,
1154 3909 1184 3943 11
1197 3911 1205 3955 ,
1216 3923 1253 3932 -
1265 3892 1410 3948 Armene,

336 3993 358 4038 1,
368 3977 419 4045 75,
431 3981 475 4048 76,
489 3975 561 4030 unde
572 3975 703 4046 aurpioor,
720 3974 748 4026 11.
764 3974 782 4026 l.
800 3975 929 4024 Alcitheon
945 3971 1087 4044 legendum
1101 3991 1168 4027 esee.
1183 3972 1350 4026 Schraderer
1365 3972 1411 4024 rel

336 4069 465 4113 Arrtonoen
476 4079 491 4112 e
501 4060 557 4123 Vl,
569 4078 617 4128 71,
631 4057 673 4110 vel
685 4059 821 4110 Alcathoen
830 4075 862 4110 ex
875 4055 958 4110 ovid.
974 4057 1080 4110 Metam.
1093 4057 1143 4122 IV,
1161 4077 1183 4118 1,
1196 4055 1411 4111 substituendum

333 4142 456 4216 putabat.
475 4141 529 4194 set
540 4143 668 4206 Alcithoe,
679 4131 794 4206 lurida,
809 4159 862 4193 non
877 4143 1006 4203 dicacior,
1020 4131 1145 4205 inette,
1158 4141 1300 4196 dicebatur
1315 4141 1413 4194 mulier
