3148 4990
321 407 359 470 18
434 406 476 468 D.
499 405 597 469 JUN.
620 404 885 470 JUVENALIS
908 407 1083 472 SATIRA
1105 408 1271 475 PRIMA.

315 519 539 608 Criminibus3
557 520 654 591 tacita
670 519 792 589 sudant
806 522 990 616 procot-dia
1005 524 1113 620 culpa.

316 631 400 700 Inde
418 630 474 700 irae
491 645 526 697 et
541 628 706 724 lacryma».
723 631 849 700 Tecum
866 629 959 726 prius
976 659 1058 729 ergo
1074 633 1189 709 voluta

314 747 396 813 Haec
411 741 523 810 animo
539 756 616 811 ante
633 742 728 812 tubas
745 766 753 810 :
770 741 936 836 galeatum
953 769 1027 814 soro
1043 744 1149 818 duelli
1284 816 1287 822 ,

314 852 469 921 Poenitet.
486 890 534 903 ··-
552 851 732 944 Experiar,
748 850 830 946 quid
845 853 1049 923 concedatur
1067 854 1103 930 in
1120 853 1210 941 illos,
1333 884 1384 938 170

229 1057 230 1062 ἵ
313 963 469 1051 Quorum
485 960 647 1037 Flaminia
664 961 790 1056 tegitur
805 961 887 1032 cinis
903 979 1003 1058 atquo
1020 967 1149 1037 Latina.

312 1208 367 1268 sibi
381 1209 692 1280 consoimorimiuuuu,
710 1207 818 1266 rubose
830 1205 969 1276 officitur,
983 1226 1016 1264 ac
1029 1206 1115 1268 tacito
1126 1207 1306 1264 couscientia.²
1318 1211 1384 1264 vul-

313 1322 382 1360 nere
393 1305 557 1379 perculsus,
567 1302 650 1366 sudat
661 1302 715 1366 sub
727 1300 831 1371 corde,
842 1300 1002 1371 cruciatur,
1012 1297 1078 1374 flet,
1087 1299 1284 1373 ultionemque
1293 1301 1384 1360 modi-

314 1408 398 1453 tatur.
420 1398 487 1454 Haec
500 1408 593 1453 tecum
605 1395 753 1470 expende,
770 1394 849 1469 prius
867 1412 953 1470 quom
968 1392 1114 1450 satiricum
1127 1394 1183 1450 hoc
1197 1393 1306 1454 bellum
1321 1414 1384 1452 mo·

313 1509 399 1546 teus:
420 1500 572 1565 postquam
592 1489 673 1560 utiles
695 1491 802 1566 galeam
821 1501 850 1547 et
866 1510 943 1546 arma
958 1489 1073 1560 induit,
1092 1509 1186 1548 serum
1201 1501 1243 1547 est
1257 1511 1383 1570 pugnam

312 1584 482 1644 detnecture.
506 1614 546 1624 —
568 1584 705 1638 Praeclare
727 1601 847 1639 moues:
868 1581 941 1638 vivis
961 1601 1092 1659 parcam,
1116 1601 1149 1638 ae
1167 1581 1289 1653 videbo,
1310 1584 1383 1660 quid

312 1675 402 1750 possit
416 1675 447 1732 in
462 1694 512 1732 eos
530 1675 601 1746 dici,
620 1695 746 1750 quotum
761 1676 893 1751 sepulcra
913 1685 1025 1738 exstant
1044 1674 1074 1729 iu
1093 1675 1138 1732 via
1158 1675 1258 1731 lutino
1273 1687 1302 1732 et
1318 1678 1383 1732 rta-

312 1787 408 1833 tutum.
