3134 4990
346 493 415 559 550
627 497 668 559 n.
696 495 835 559 tumr
855 475 1140 576 {suvnunms

347 612 432 700 Quis
444 611 549 697 color,
564 627 599 679 et
608 611 702 705 quod
712 611 758 680 sit
772 633 895 680 caussae
909 631 1026 702 genus,
1040 623 1141 701 atque
1151 609 1212 676 ubi
1224 625 1354 676 summa
1365 613 1415 670 155

347 721 514 809 Quaestio,
533 745 608 814 quae
622 721 761 790 veniant
777 719 916 789 diverse
930 717 1019 788 forte
1035 717 1182 813 sagittae,

348 831 457 898 Nosse
473 828 581 899 velint
596 851 734 917 omnes3
751 829 943 898 mercedem
960 827 1090 898 solvere
1106 853 1218 897 nemo.

347 937 544 1006 Mercedem
560 936 728 1032 appellas?
741 937 823 1031 quid
837 939 928 1006 enim
942 935 1031 1007 scio?
1046 936 1155 1033 Culpa
1173 933 1329 1006 docentis

235 1055 237 1058 ’
348 1047 483 1118 Scilicet
497 1049 661 1142 arguitur,
677 1047 769 1142 quod
785 1046 869 1116 laeva
884 1048 919 1116 in
935 1062 1030 1141 parte
1043 1045 1197 1116 mamillae

348 1157 407 1227 Nil
421 1157 496 1227 salit
509 1158 674 1228 Arcadico
686 1157 820 1252 juveni,
837 1158 932 1250 cujus
947 1156 1033 1226 mihi
1048 1171 1139 1226 sexta
1369 1167 1420 1216 ¹⁶⁰

347 1268 492 1363 Quaque
507 1269 560 1337 die
576 1269 739 1338 miserum
757 1266 852 1337 dirus
868 1282 970 1362 eaput
983 1265 1151 1336 Hannibal
1167 1263 1304 1358 implet;

348 1377 523 1472 Quidquid
538 1379 573 1447 id
586 1393 654 1466 est,
671 1378 714 1448 de
730 1401 799 1471 quo
815 1376 992 1462 deliberat,
1010 1399 1054 1444 an
1072 1390 1166 1471 petat
1180 1374 1312 1444 Urbem

347 1485 533 1574 loannis,
551 1513 595 1554 an
610 1501 687 1581 post
699 1485 832 1556 nimbos
849 1501 883 1556 et
898 1487 1040 1556 fulmina
1055 1501 1175 1556 eeuttts

346 1596 563 1689 circumagat
575 1595 726 1665 madidas
740 1619 760 1664 a
774 1611 975 1692 tempestate
992 1596 1160 1666 cobortes.

346 1701 520 1793 Quantum
533 1705 585 1773 vis
598 1703 775 1799 stipulare,
789 1720 825 1776 et
838 1721 1003 1800 protenus
1016 1707 1150 1801 accipe,
1166 1701 1260 1800 quod
1276 1701 1340 1784 do,
1369 1707 1418 1762 1⁶5

346 1815 398 1883 Ut
410 1815 510 1883 toties
522 1813 618 1883 illurn
632 1829 729 1909 pater
744 1815 867 1884 audiat.
889 1819 973 1885 Haec
986 1814 1041 1885 alii
1057 1839 1133 1901 sex,

347 1924 412 1993 Vel
428 1922 543 2018 plures
558 1948 629 1992 uno
644 1923 858 1993 conclamant
869 1949 928 1992 ore
943 1926 1118 2019 sophistae,

346 2037 393 2104 Et
404 2058 501 2102 veras
517 2033 647 2127 agitant
659 2033 754 2119 lites,
774 2049 911 2128 raptore
927 2035 1061 2124 relicto;

347 2146 435 2214 Fusa
450 2166 583 2212 venena
598 2139 716 2228 silent,
734 2143 841 2210 malus
856 2144 1076 2239 ingratusque
1088 2145 1245 2230 maritus,

348 2375 423 2433 nolit
430 2370 532 2433 doceri
538 2413 548 2444 ,
559 2371 667 2448 mribus
677 2371 841 2428 rationibus
852 2371 987 2446 quelibet
998 2373 1118 2446 probari
1129 2390 1228 2428 causan
1237 2371 1347 2445 possit,
1359 2368 1419 2442 qni·

347 2469 404 2526 bus
415 2462 594 2525 ornamentis
609 2461 763 2537 illustrari,
775 2481 836 2538 quo
848 2461 880 2519 in
892 2481 1000 2540 genere
1014 2463 1131 2521 dicendi
1140 2473 1274 2520 versetur
1286 2461 1355 2530 itta;
1368 2460 1417 2515 nbi

348 2560 530 2631 reisumma,
544 2565 573 2613 et
583 2553 751 2630 quaestionis
765 2563 897 2611 vertatur
913 2555 1019 2627 card03
1039 2575 1169 2632 quanam
1186 2553 1225 2610 ab
1244 2551 1420 2610 adversariis

350 2651 542 2725 objiciantur,
557 2659 587 2704 et
599 2656 741 2721 tanquam
755 2648 811 2703 tela
823 2647 1059 2722 intorqueantur:
1071 2659 1103 2704 at
1111 2646 1275 2704 mercedem
1286 2644 1340 2719 qui
1350 2642 1419 2698 velit

349 2743 476 2811 solvere,
491 2740 638 2797 neminem
653 2738 790 2812 reperias.
805 2771 846 2782 —
862 2738 1027 2796 Mercedem
1035 2737 1276 2814 postulaaiatqni
1286 2733 1374 2792 didici
1382 2751 1418 2790 ex

348 2847 377 2891 te
386 2831 665 2890 nibil-Nimirum
671 2841 821 2888 acuuntur
828 2825 976 2908 magister,
985 2831 1231 2907 quoddiscipnlns
1238 2829 1365 2886 heberet
1371 2845 1417 2884 ar·

346 2925 447 2983 cadica
462 2922 573 3000 pecude
583 2921 695 2979 tardior
705 2922 778 2978 nihil
792 2923 848 2979 snb
858 2935 943 2998 parte
959 2925 1028 2982 laeva
1038 2925 1171 2981 mamillae
1181 2923 1285 2980 saliens
1292 2922 1417 2989 mne-c

348 3037 439 3094 quum
452 3017 501 3074 illc
514 3015 635 3092 singulis
643 3014 745 3072 diebus
756 3015 844 3072 sextis
857 3017 977 3074 miserat
988 3033 1072 3075 aures
1085 3017 1157 3073 mibi
1171 3014 1335 3085 obtundat,
1348 3013 1416 3070 dnm

348 3111 451 3171 recitat
462 3107 662 3183 scriptionem,
674 3105 756 3180 cujus
764 3119 969 3183 argumentum
979 3116 1024 3166 est
1031 3109 1178 3166 Hannibal
1188 3108 1369 3177 deliberans,
1379 3125 1416 3162 an

347 3206 470 3260 Romam
484 3199 625 3256 continuo
637 3211 705 3272 poet
714 3217 887 3256 cannensem
898 3219 1030 3278 pugnarn
1044 3221 1075 3259 se
1087 3203 1235 3274 conferat3
1251 3219 1291 3260 an
1305 3200 1415 3258 exerci-

323 3293 324 3298 '
348 3306 410 3352 turn
429 3291 586 3349 attonitum
608 3290 794 3361 fulminibus,
816 3303 844 3348 et
861 3293 956 3350 imbre
975 3307 1127 3366 vexatum,
1148 3313 1167 3352 a
1185 3297 1281 3352 Roma
1299 3295 1416 3371 longina

349 3390 380 3446 in
398 3383 617 3457 circumpositas
634 3383 721 3439 urbes
736 3395 837 3440 cautus
850 3383 983 3442 abducat.
1003 3388 1067 3462 ligo
1080 3403 1150 3443 vero
1164 3397 1262 3443 tecum
1278 3386 1414 3460 paciscar,

350 3490 379 3535 et
398 3472 542 3550 quidquid
560 3475 736 3549 poposceris,
756 3487 884 3533 actutum
904 3477 1003 3548 dabo,
1024 3479 1078 3534 hac
1097 3479 1182 3554 lege,
1206 3489 1240 3536 ut
1260 3480 1308 3535 vel
1326 3479 1416 3554 ipsius

348 3566 536 3628 adolescentis
553 3578 638 3640 pater
656 3567 758 3624 eadem
775 3569 907 3626 mercede
927 3571 1013 3627 toties
1032 3571 1113 3627 illum
1133 3571 1343 3630 declamantem
1361 3591 1413 3629 au-

348 3662 423 3733 diat,
438 3677 496 3735 qua
509 3675 565 3734 ego
579 3658 675 3732 ipsum
691 3660 777 3717 toties
792 3660 893 3717 audine
911 3679 1009 3737 cogor.
1030 3663 1134 3735 Neque
1148 3681 1221 3719 vero
1235 3671 1321 3736 putes
1341 3663 1414 3736 ejus-

348 3754 429 3811 modi
443 3751 574 3827 qnerelna
586 3750 624 3807 ab
639 3769 700 3827 uuo
711 3753 809 3826 aliquo
819 3753 970 3811 rhetoricae
982 3755 1145 3829 professore
1155 3753 1276 3826 jactari:
1291 3756 1342 3812 alii
1351 3775 1413 3824 aex,

348 3857 436 3919 atque
455 3842 530 3899 adeo
545 3842 639 3898 multo
656 3845 756 3918 plures
773 3845 850 3900 idem
869 3847 1032 3917 clamitant,
1052 3858 1082 3903 et
1099 3847 1199 3903 relicta
1219 3847 1348 3905 docendi
1363 3850 1414 3904 bac

348 3947 409 3991 arte
427 3932 639 4005 molestissima,
656 3935 811 3993 conserunt
825 3954 886 3994 sese
904 3940 942 3996 ad
959 3937 1083 4014 agendas
1100 3953 1183 3994 veras
1199 3939 1231 3994 iu
1247 3939 1316 3996 loro
1334 3957 1413 3997 cans-

347 4043 392 4082 sas
401 4047 408 4081 ε
418 4027 514 4081 valere
524 4024 626 4098 jubent
635 4024 701 4082 licta
708 4026 824 4085 dicendi
835 4043 1007 4106 argumenta
1021 4029 1059 4087 dc
1075 4033 1183 4086 Iasone
1190 4032 1284 4087 vellus
1293 4049 1412 4088 aureum

347 4117 493 4192 rapiente,
510 4117 547 4174 de
560 4137 673 4176 veneno
687 4119 772 4191 dato;
792 4122 959 4200 deingrato
978 4141 1050 4200 erga
1065 4141 1187 4179 uxorem
1200 4124 1283 4193 ruo,
1299 4143 1366 4198 qna
1383 4142 1414 4179 se

347 4209 457 4267 abillo
477 4212 551 4266 male
575 4216 724 4269 tractatam
745 4225 899 4290 queratur3
926 4216 962 4271 dc
982 4216 1197 4274 medicamentis
1215 4217 1248 4271 in
1270 4217 1412 4272 mortario
