3148 4990
348 445 390 510 56
496 437 664 509 VARI'AE
694 439 988 510 LECTIONES
1018 446 1080 509 ET
1109 445 1261 510 NOTAE

345 574 398 626 qne
421 555 580 627 imaginum,
607 567 636 607 ut
653 576 667 607 a
683 557 758 610 novis
776 557 926 612 hominibus
944 571 1000 612 eta
1021 559 1083 612 Ince
1100 557 1216 624 civium,
1236 559 1300 629 qni,
1319 557 1378 628 lege
1394 574 1410 607 a

347 637 378 690 L.
388 638 459 690 Iulio
469 638 585 704 Cesare,
598 637 632 690 de
641 637 745 692 civitate
760 658 821 692 cum
836 641 913 693 sociis
929 652 954 693 et
971 641 1070 693 Latinis
1087 639 1322 704 communicanda,
1340 638 1415 691 bello

346 721 435 774 sociali
448 739 516 773 anno
525 721 583 774 urb.
593 720 670 774 cond.
686 720 736 772 663
751 722 819 787 lata,
835 722 966 787 civitatem
980 736 1006 776 et
1018 724 1115 776 tribum
1126 735 1293 794 acceperant,
1309 721 1410 774 discer-

346 815 479 869 nerentur,
489 804 628 876 Troianam
636 803 764 874 originem
773 805 938 858 affectabant.
949 805 1106 859 Posteriores
1117 825 1223 878 quoque
1233 818 1321 877 gentes
1329 803 1411 876 patri·

345 885 393 938 cisa
407 889 506 957 (patres
517 887 647 938 minorum
656 886 789 957 gentium)
801 890 1033 942 contemnebantur
1048 890 1081 941 ab
1098 889 1301 963 antiquissimis,
1319 906 1379 961 que
1394 906 1409 938 a

346 968 465 1040 Trojanis
475 967 606 1035 oriundo,
620 970 662 1022 vel
674 989 705 1021 ex
718 970 825 1024 Albanis
838 983 907 1024 certe
920 972 1083 1044 principibus
1101 973 1128 1023 in
1145 982 1230 1044 patres
1244 972 1316 1024 lectte
1329 971 1411 1042 vulgo

344 1049 527 1116 credebantur,
543 1065 573 1104 ut
585 1071 610 1103 v.
623 1071 647 1106 c.
664 1053 787 1118 AEmilia,
803 1055 913 1107 Antonia
925 1097 933 1122 ,
947 1055 1033 1120 Attia,
1045 1053 1151 1117 Cloelia,
1163 1053 1299 1118 Cluentia,
1312 1051 1408 1116 Fabia,

344 1133 459 1204 Gegania
469 1175 477 1200 ,
486 1135 571 1199 Iulia,
582 1135 598 1186 J
600 1135 676 1200 unia,
686 1135 780 1188 Nautis
790 1178 798 1202 ,
808 1137 948 1203 Quinctia,
958 1138 1044 1209 Sergia
1055 1178 1063 1202 ,
1076 1135 1185 1189 Servilia
1197 1155 1204 1188 ε
1220 1137 1311 1189 confer
1319 1135 1390 1187 VIII
1400 1175 1408 1201 ,

344 1218 375 1274 41
392 1232 445 1284 seq.
464 1215 515 1277 46,
535 1213 585 1278 56,
605 1214 650 1266 181
663 1234 671 1278 ;
686 1214 1052 1284 XI,95.-Ltinenoexare,
1067 1205 1150 1270 dinis
1162 1235 1211 1287 pro
1227 1216 1408 1287 frequentare,

344 1308 374 1347 ut
385 1299 457 1348 limen
471 1310 558 1356 terere,
573 1315 616 1368 ap.
627 1296 755 1356 Martini,
768 1299 808 1362 x,
822 1316 852 1351 to
864 1338 871 1363 ,
884 1319 907 1351 a.
917 1329 953 1340 -
961 1300 1089 1349 Nobiscum
1100 1297 1258 1370 pauperibus
1270 1297 1410 1350 clientibus

344 1392 369 1432 et
385 1381 502 1452 plebeiis.
513 1383 589 1430 -Et
601 1382 648 1448 insi
656 1421 663 1446 ,
682 1381 854 1448 nobilissimi,
871 1400 937 1453 quos
954 1381 1032 1453 hujus
1048 1382 1086 1433 rei
1102 1379 1202 1452 pudere
1217 1379 1348 1432 debebat:
1362 1379 1411 1434 sed

343 1463 420 1515 multi
434 1481 525 1514 eorum
541 1461 574 1514 ad
590 1463 681 1515 incitas
697 1463 890 1516 erantredacti.
905 1464 1004 1516 Confer
1014 1464 1073 1529 III,
1089 1464 1137 1516 128
1149 1481 1222 1533 seq.;
1237 1463 1351 1517 Martini.
1364 1463 1409 1530 X,

347 1563 394 1608 ro,
411 1562 420 1596 ι
433 1562 485 1614 seq.
493 1549 572 1594 -Do
581 1544 693 1616 primam
705 1546 848 1616 sportulam
858 1550 975 1607 Praetori,
989 1551 1023 1598 do
1036 1549 1141 1605 deinde,
1153 1546 1274 1612 alteram,
1288 1549 1410 1598 Tribuno:

345 1627 422 1678 rerba
439 1645 492 1678 uon
503 1625 702 1697 dispensatoris,
717 1627 762 1680 sed
776 1647 835 1699 quse
848 1628 872 1681 ci
888 1630 930 1682 tel
946 1627 1068 1680 dominus
1083 1627 1148 1680 dicit
1164 1639 1190 1679 et
1205 1637 1347 1699 patronus,
1367 1628 1410 1680 vel

343 1709 441 1762 Praetor
451 1721 476 1762 et
486 1709 638 1775 Tribunus,
649 1727 755 1762 manum
767 1711 927 1782 porrigentes
938 1730 945 1764 z
961 1715 995 1761 do
1006 1710 1106 1762 scilicet
1115 1709 1191 1765 milti.

379 1855 447 1904 Van.
469 1871 525 1902 roa.
543 1855 596 1919 Ego
611 1865 676 1914 tum,
691 1857 739 1916 62,
752 1857 799 1916 66,
815 1857 861 1917 67,
876 1865 986 1918 71-74.

379 1947 447 1998 Nor.
469 1964 527 1999 roa.
542 1949 590 1997 Sed
598 1948 721 1997 libertinus
727 1949 799 2014 prior
809 1961 854 2012 est,
863 1947 938 2000 vobis
948 1945 1126 2018 preferendus
1137 1960 1192 1999 est:
1208 1947 1286 1999 verba
1301 1944 1409 2017 dispen-

344 2027 444 2091 satoris,
452 2032 602 2094 -Adsom
614 2028 706 2096 adsui,
722 2029 755 2082 ad
769 2029 849 2084 limen
858 2029 928 2082 veni.
938 2059 974 2068 —-
982 2031 1064 2097 Inquit
1078 2028 1229 2093 libertinus,
1242 2031 1316 2099 cujus
1328 2029 1410 2080 verba

238 2117 248 2130 ⁸
343 2123 403 2164 sunt
422 2129 448 2164 r.
472 2127 619 2178 toa-109.
646 2111 768 2164 Ceterum
788 2111 885 2164 ornnes
904 2122 1029 2176 caveant,
1049 2127 1083 2162 oe
1103 2113 1225 2161 libertinos
1242 2120 1334 2180 putent
1353 2129 1411 2162 esse

343 2195 496 2248 libertorum
510 2196 593 2262 filios,
608 2213 691 2267 quum
706 2195 794 2267 potius
813 2194 894 2248 iidem
912 2195 964 2246 siut
979 2195 1025 2266 qui
1043 2195 1128 2247 liberti
1146 2205 1171 2246 et
1188 2193 1289 2265 adjecto
1304 2194 1410 2265 patroni

342 2281 448 2333 nomine
462 2283 541 2333 liberti
552 2279 692 2333 dicantur:
707 2278 741 2332 de
754 2297 808 2351 quo
823 2278 877 2332 rid.
887 2279 988 2332 Ernest.
1003 2279 1037 2332 ad
1050 2280 1121 2332 Suet.
1132 2277 1225 2332 Claud.
1242 2284 1284 2341 au.

377 2427 443 2474 Vua.
465 2427 521 2474 103.
536 2425 585 2473 Cur
597 2423 703 2472 dubitem
716 2423 857 2486 timeamve,
872 2439 911 2486 ¹9·

376 2523 444 2571 Van.
467 2531 523 2578 104.
537 2519 696 2582 Euphraten,
714 2523 759 2581 16,
775 2522 826 2580 61,
842 2520 910 2583 qood
926 2520 1007 2584 recepi
1022 2534 1068 2583 pro
1085 2515 1246 2581 Euphratem.
1267 2517 1303 2566 CI.
1321 2517 1408 2565 IIeins.

343 2607 374 2654 ad
383 2608 453 2670 Virg.
465 2607 555 2668 Georg.
569 2607 617 2661 IV,
631 2607 691 2652 561.

377 2697 445 2749 Nor.
460 2703 518 2758 104.
529 2699 608 2746 Nouo
618 2697 655 2745 od
665 2698 815 2762 Euphraten,
828 2695 855 2746 in
864 2695 981 2758 Oriente,
994 2695 1022 2746 in
1031 2695 1168 2756 Armenia,
1177 2695 1219 2748 vel
1230 2693 1409 2765 Cappadocis,

344 2781 385 2835 rel
399 2779 602 2852 Mesopotamia,
618 2779 660 2832 vel
676 2777 768 2850 Syria,
786 2798 818 2830 ex
835 2779 930 2849 quibus
948 2779 1098 2851 regionibus
1114 2779 1189 2831 multi
1207 2779 1276 2832 seiri
1291 2779 1409 2853 'Romam

343 2862 514 2914 ducebantur.
523 2891 558 2900 -
569 2863 683 2928 Quamvis
694 2873 765 2911 notus
776 2863 813 2911 ad
820 2863 975 2930 Euphraten,
989 2862 1037 2914 etsi
1050 2861 1113 2913 olim
1122 2879 1214 2914 servus
1228 2861 1277 2913 fui.
1286 2889 1322 2900 -·
1329 2865 1408 2911 Fene-

340 2958 391 2994 stm
407 2943 513 3016 proprie
532 2941 629 2994 dicitur
646 2941 758 3012 quodvis
778 2941 912 3008 foramen,
930 2956 1070 3015 apertura,
1088 2943 1187 2996 fissura.
1211 2949 1336 2994 Fenestras
1354 2943 1408 2996 boc

342 3028 401 3078 loco
411 3037 503 3096 putant
514 3043 568 3078 esse
579 3024 695 3084 inaures.
711 3025 752 3076 vel
767 3027 876 3078 annulos
892 3045 1001 3092 aureos,
1014 3046 1079 3099 quos
1095 3027 1123 3078 in
1134 3027 1242 3080 Oriente
1257 3045 1310 3078 non
1321 3028 1409 3080 solum

343 3109 481 3172 mulieres,
498 3107 544 3158 sed
559 3107 636 3158 etiam
648 3107 715 3173 viri,
732 3108 773 3160 vel
788 3110 1052 3174 enumerationum,
1067 3109 1108 3163 rel
1122 3109 1294 3161 amadetorum
1309 3109 1409 3175 instar,

341 3189 375 3244 ad
387 3189 454 3240 mala
465 3186 659 3240 averruncandn
671 3228 679 3253 ,
697 3199 796 3258 gestare
810 3189 928 3242 solebant
937 3201 956 3244 ¹.
971 3189 1022 3243 Sed
1034 3203 1105 3244 recte
1117 3189 1218 3242 notarit
1229 3202 1304 3242 vetus
1315 3189 1407 3244 Schol.

342 3273 383 3324 his
390 3269 453 3322 locis
463 3288 469 3321 ι
481 3269 577 3340 «Argoi
587 3269 715 3334 homines,
725 3272 782 3341 qui,
792 3289 875 3343 quum
885 3286 992 3344 propter
999 3272 1135 3326 libidinem
1145 3272 1290 3324 libertatem
1297 3273 1409 3326 meruit·

342 3369 398 3410 sent
408 3353 494 3422 (unde
503 3355 614 3420 molles),
631 3365 655 3404 et
670 3353 696 3404 in
712 3354 893 3407 libertInorum
908 3375 1002 3428 corpus
1015 3368 1041 3408 et
1053 3355 1137 3407 tribus
1146 3354 1219 3407 relati
1231 3366 1330 3418 oeseut,
1344 3373 1407 3426 per·

341 3438 405 3491 tusis
421 3435 528 3487 auribus
546 3435 617 3506 sigua
639 3435 820 3489 libertinorum
842 3438 926 3491 celare
946 3457 999 3490 nou
1018 3439 1181 3509 potuerint·
1206 3437 1317 3490 Aurium
1335 3439 1409 3491 enim

342 3520 482 3597 perforatio
502 3519 635 3573 servitutis
653 3519 755 3591 signnm
776 3521 825 3573 luit
844 3521 916 3594 apud
935 3521 1030 3574 multos
1048 3521 1164 3573 Orientis
1182 3521 1312 3591 populos,
1332 3522 1407 3574 verbi

340 3623 448 3668 caussa,
464 3601 534 3674 apud
550 3601 678 3654 Israeliten
686 3611 708 3669 ²,
723 3603 850 3670 Arabas3,
865 3601 964 3669 Indos,
982 3601 1091 3669 Persas,
1108 3603 1208 3655 Turcas
1223 3613 1250 3654 et
1265 3602 1407 3668 Tartaros,

759 3783 986 3804 mmm

376 3931 385 3954 ¹
405 3922 464 3968 tud.
482 3923 564 3984 Iutpp.
583 3923 671 3970 Gentes.
687 3923 801 3984 XXXV,
814 3933 847 3982 s,
892 3923 982 3972 obselis
997 3926 1043 3973 Jns
1060 3925 1123 3973 idos.
1139 3925 1230 3972 volum.
1248 3927 1301 3984 111,
1315 3923 1331 3988 S
1347 3943 1406 3986 rar.

340 4013 364 4049 et
377 4000 455 4048 Exod.
468 4001 585 4058 xxxu,
596 4017 624 4058 a,
637 4003 667 4060 33
680 4003 743 4049 run.
753 4003 803 4060 xl,
815 4004 845 4062 37
930 4008 940 4034 ²
958 4003 1016 4051 vid.
1039 4003 1216 4052 Rosenmnlleri
1238 4003 1334 4051 Scholia
1350 4040 1358 4064 ,
1372 4005 1406 4054 sd

339 4096 384 4126 seu
398 4082 443 4136 ⁵0;
454 4079 566 4125 IInrmari
579 4080 776 4146 Beobaclstungen
791 4080 852 4127 iiber
892 4081 971 4130 Exod.
984 4083 1064 4142 xxt,
1077 4083 1106 4140 6,
1120 4093 1144 4129 et
1154 4081 1283 4130 MIchnelis
1293 4083 1309 4130 l.
1321 4083 1337 4130 l.

340 4157 386 4206 den
404 4154 487 4205 onem
502 4159 621 4220 t.111,p.
637 4159 847 4223 309-315;nfi·
929 4156 940 4193 ³
959 4163 1056 4210 Petrou.
1067 4162 1114 4210 Sat.
1127 4161 1227 4220 LXIII,
1239 4160 1281 4208 slii
1297 4160 1349 4209 CII.
