<?xml version="1.0" encoding="UTF-8"?>
<!DOCTYPE html PUBLIC "-//W3C//DTD XHTML 1.0 Transitional//EN"
    "http://www.w3.org/TR/xhtml1/DTD/xhtml1-transitional.dtd">
<html xmlns="http://www.w3.org/1999/xhtml" xml:lang="en" lang="en">
 <head>
  <title>
</title>
<meta http-equiv="Content-Type" content="text/html;charset=utf-8" />
  <meta name='ocr-system' content='tesseract 3.04.00' />
  <meta name='ocr-capabilities' content='ocr_page ocr_carea ocr_par ocr_line ocrx_word'/>
</head>
<body>
  <div class='ocr_page' id='page_1' title='image "./sexdecimsatir01lemagoog_0593.png"; bbox 0 0 3134 4990; ppageno 0'>
   <div class='ocr_carea' id='block_1_1' title="bbox 303 413 1221 508">
    <p class='ocr_par' dir='ltr' id='par_1_1' title="bbox 303 413 1221 508">
     <span class='ocr_line' id='line_1_1' title="bbox 303 413 1221 508; baseline 0 -24"><span class='ocrx_word' id='word_1_1' title='bbox 303 417 368 508; x_wconf 70' lang='lat'>⁵74</span> <span class='ocrx_word' id='word_1_2' title='bbox 461 413 635 483; x_wconf 75' lang='lat' dir='ltr'>vanna</span> <span class='ocrx_word' id='word_1_3' title='bbox 658 419 952 486; x_wconf 75' lang='lat' dir='ltr'>anemonas</span> <span class='ocrx_word' id='word_1_4' title='bbox 976 419 1040 485; x_wconf 79' lang='lat' dir='ltr'>nn</span> <span class='ocrx_word' id='word_1_5' title='bbox 1063 417 1221 484; x_wconf 75' lang='lat' dir='ltr'>noan:</span> 
     </span>
    </p>
   </div>
   <div class='ocr_carea' id='block_1_2' title="bbox 259 529 1388 2532">
    <p class='ocr_par' dir='ltr' id='par_1_2' title="bbox 259 529 1388 2532">
     <span class='ocr_line' id='line_1_2' title="bbox 259 529 1383 604; baseline 0.002 -21"><span class='ocrx_word' id='word_1_6' title='bbox 259 541 262 548; x_wconf 60' lang='lat'><strong>⁴</strong></span> <span class='ocrx_word' id='word_1_7' title='bbox 299 531 361 586; x_wconf 89' lang='lat' dir='ltr'>liari</span> <span class='ocrx_word' id='word_1_8' title='bbox 370 531 495 599; x_wconf 83' lang='lat' dir='ltr'>paranda</span> <span class='ocrx_word' id='word_1_9' title='bbox 508 533 622 596; x_wconf 75' lang='lat' dir='ltr'><strong><em>attoniti,</em></strong></span> <span class='ocrx_word' id='word_1_10' title='bbox 636 529 715 586; x_wconf 85' lang='lat' dir='ltr'>valde</span> <span class='ocrx_word' id='word_1_11' title='bbox 726 531 846 598; x_wconf 72' lang='lat' dir='ltr'><strong>solliciti,</strong></span> <span class='ocrx_word' id='word_1_12' title='bbox 858 532 910 585; x_wconf 90' lang='lat' dir='ltr'>boc</span> <span class='ocrx_word' id='word_1_13' title='bbox 926 543 983 599; x_wconf 87' lang='lat' dir='ltr'>est,</span> <span class='ocrx_word' id='word_1_14' title='bbox 997 532 1085 586; x_wconf 86' lang='lat' dir='ltr'>sereni</span> <span class='ocrx_word' id='word_1_15' title='bbox 1096 547 1275 602; x_wconf 83' lang='lat' dir='ltr'>curarumque</span> <span class='ocrx_word' id='word_1_16' title='bbox 1284 549 1383 604; x_wconf 82' lang='lat' dir='ltr'>esper-</span> 
     </span>
     <span class='ocr_line' id='line_1_3' title="bbox 299 614 1382 688; baseline -0.004 -17"><span class='ocrx_word' id='word_1_17' title='bbox 299 617 346 686; x_wconf 87' lang='lat' dir='ltr'>tis,</span> <span class='ocrx_word' id='word_1_18' title='bbox 358 636 427 687; x_wconf 83' lang='lat' dir='ltr'>epus,</span> <span class='ocrx_word' id='word_1_19' title='bbox 438 614 592 688; x_wconf 89' lang='lat' dir='ltr'>proprium,</span> <span class='ocrx_word' id='word_1_20' title='bbox 603 628 658 683; x_wconf 92' lang='lat' dir='ltr'>est,</span> <span class='ocrx_word' id='word_1_21' title='bbox 670 617 806 685; x_wconf 79' lang='lat' dir='ltr'>adspicere,</span> <span class='ocrx_word' id='word_1_22' title='bbox 817 616 845 669; x_wconf 88' lang='lat' dir='ltr'>in</span> <span class='ocrx_word' id='word_1_23' title='bbox 853 617 1035 670; x_wconf 87' lang='lat' dir='ltr'>enthusiasmo</span> <span class='ocrx_word' id='word_1_24' title='bbox 1045 634 1154 671; x_wconf 90' lang='lat' dir='ltr'>cernere</span> <span class='ocrx_word' id='word_1_25' title='bbox 1163 635 1207 677; x_wconf 89' lang='lat' dir='ltr'>ea,</span> <span class='ocrx_word' id='word_1_26' title='bbox 1221 633 1279 687; x_wconf 78' lang='lat' dir='ltr'>qua</span> <span class='ocrx_word' id='word_1_27' title='bbox 1284 617 1382 688; x_wconf 74' lang='lat' dir='ltr'>vulgus</span> 
     </span>
     <span class='ocr_line' id='line_1_4' title="bbox 300 689 1383 774; baseline -0.003 -17"><span class='ocrx_word' id='word_1_28' title='bbox 300 703 442 757; x_wconf 87' lang='lat' dir='ltr'>hominum</span> <span class='ocrx_word' id='word_1_29' title='bbox 448 717 504 753; x_wconf 83' lang='lat' dir='ltr'>uon</span> <span class='ocrx_word' id='word_1_30' title='bbox 513 698 605 767; x_wconf 80' lang='lat' dir='ltr'>videt,</span> <span class='ocrx_word' id='word_1_31' title='bbox 614 718 641 753; x_wconf 79' lang='lat' dir='ltr'>v.</span> <span class='ocrx_word' id='word_1_32' title='bbox 653 719 676 754; x_wconf 88' lang='lat' dir='ltr'>c.</span> <span class='ocrx_word' id='word_1_33' title='bbox 687 720 783 761; x_wconf 77' lang='lat' dir='ltr'>onmes,</span> <span class='ocrx_word' id='word_1_34' title='bbox 792 704 1003 771; x_wconf 83' lang='lat' dir='ltr'>eqnossnoiesqne</span> <span class='ocrx_word' id='word_1_35' title='bbox 1010 705 1124 763; x_wconf 80' lang='lat' dir='ltr'>deornm,</span> <span class='ocrx_word' id='word_1_36' title='bbox 1133 689 1181 774; x_wconf 85' lang='lat' dir='ltr'>qiti</span> <span class='ocrx_word' id='word_1_37' title='bbox 1191 704 1270 756; x_wconf 74' lang='lat' dir='ltr'>tubus</span> <span class='ocrx_word' id='word_1_38' title='bbox 1276 701 1305 754; x_wconf 87' lang='lat' dir='ltr'>iu</span> <span class='ocrx_word' id='word_1_39' title='bbox 1311 701 1383 754; x_wconf 86' lang='lat' dir='ltr'>bello</span> 
     </span>
     <span class='ocr_line' id='line_1_5' title="bbox 299 782 1382 860; baseline -0.003 -19"><span class='ocrx_word' id='word_1_40' title='bbox 299 783 424 860; x_wconf 73' lang='lat' dir='ltr'>gerendis</span> <span class='ocrx_word' id='word_1_41' title='bbox 436 783 635 846; x_wconf 85' lang='lat' dir='ltr'>intersunt,vel</span> <span class='ocrx_word' id='word_1_42' title='bbox 649 782 811 838; x_wconf 72' lang='lat' dir='ltr'><strong>horrendam</strong></span> <span class='ocrx_word' id='word_1_43' title='bbox 826 787 923 840; x_wconf 79' lang='lat' dir='ltr'>faciem</span> <span class='ocrx_word' id='word_1_44' title='bbox 934 789 1074 855; x_wconf 75' lang='lat' dir='ltr'>En&#39;nnyos,</span> <span class='ocrx_word' id='word_1_45' title='bbox 1089 787 1178 840; x_wconf 75' lang='lat' dir='ltr'>Furia</span> <span class='ocrx_word' id='word_1_46' title='bbox 1189 786 1309 849; x_wconf 78' lang='lat' dir='ltr'>Alectns,</span> <span class='ocrx_word' id='word_1_47' title='bbox 1323 803 1382 858; x_wconf 73' lang='lat' dir='ltr'>qne</span> 
     </span>
     <span class='ocr_line' id='line_1_6' title="bbox 300 867 1385 943; baseline -0.002 -21"><span class='ocrx_word' id='word_1_48' title='bbox 300 873 449 922; x_wconf 75' lang='lat' dir='ltr'>Rutulorum</span> <span class='ocrx_word' id='word_1_49' title='bbox 462 885 554 939; x_wconf 72' lang='lat' dir='ltr'>regem</span> <span class='ocrx_word' id='word_1_50' title='bbox 568 867 693 920; x_wconf 81' lang='lat' dir='ltr'>Turnum</span> <span class='ocrx_word' id='word_1_51' title='bbox 707 872 835 937; x_wconf 74' lang='lat' dir='ltr'>consedit,</span> <span class='ocrx_word' id='word_1_52' title='bbox 852 871 972 923; x_wconf 88' lang='lat' dir='ltr'>animum</span> <span class='ocrx_word' id='word_1_53' title='bbox 986 871 1043 943; x_wconf 85' lang='lat' dir='ltr'>ejus</span> <span class='ocrx_word' id='word_1_54' title='bbox 1057 871 1095 923; x_wconf 87' lang='lat' dir='ltr'>ita</span> <span class='ocrx_word' id='word_1_55' title='bbox 1108 869 1297 941; x_wconf 73' lang='lat' dir='ltr'>perturbavit,</span> <span class='ocrx_word' id='word_1_56' title='bbox 1311 869 1385 921; x_wconf 90' lang='lat' dir='ltr'>utin</span> 
     </span>
     <span class='ocr_line' id='line_1_7' title="bbox 301 951 1386 1024; baseline -0.001 -17"><span class='ocrx_word' id='word_1_57' title='bbox 301 954 422 1007; x_wconf 76' lang='lat' dir='ltr'>furorem</span> <span class='ocrx_word' id='word_1_58' title='bbox 435 951 575 1014; x_wconf 82' lang='lat' dir='ltr'>incideret,</span> <span class='ocrx_word' id='word_1_59' title='bbox 595 962 623 1004; x_wconf 93' lang='lat' dir='ltr'>et</span> <span class='ocrx_word' id='word_1_60' title='bbox 636 968 719 1023; x_wconf 89' lang='lat' dir='ltr'>quam</span> <span class='ocrx_word' id='word_1_61' title='bbox 732 951 813 1024; x_wconf 77' lang='lat' dir='ltr'>fingit</span> <span class='ocrx_word' id='word_1_62' title='bbox 826 952 974 1024; x_wconf 77' lang='lat' dir='ltr'>Virgilius,</span> <span class='ocrx_word' id='word_1_63' title='bbox 995 951 1102 1007; x_wconf 84' lang='lat' dir='ltr'>AEneid.</span> <span class='ocrx_word' id='word_1_64' title='bbox 1122 953 1195 1020; x_wconf 87' lang='lat' dir='ltr'>v11,</span> <span class='ocrx_word' id='word_1_65' title='bbox 1218 953 1288 1016; x_wconf 71' lang='lat'>450,</span> <span class='ocrx_word' id='word_1_66' title='bbox 1307 953 1386 1022; x_wconf 74' lang='lat' dir='ltr'>genti·</span> 
     </span>
     <span class='ocr_line' id='line_1_8' title="bbox 299 1038 1384 1110; baseline 0.001 -22"><span class='ocrx_word' id='word_1_67' title='bbox 299 1057 346 1088; x_wconf 89' lang='lat' dir='ltr'>nos</span> <span class='ocrx_word' id='word_1_68' title='bbox 361 1039 469 1089; x_wconf 77' lang='lat' dir='ltr'>evenisse</span> <span class='ocrx_word' id='word_1_69' title='bbox 486 1038 593 1088; x_wconf 73' lang='lat' dir='ltr'>crinibus</span> <span class='ocrx_word' id='word_1_70' title='bbox 608 1055 715 1107; x_wconf 83' lang='lat' dir='ltr'>angues,</span> <span class='ocrx_word' id='word_1_71' title='bbox 735 1049 787 1090; x_wconf 84' lang='lat' dir='ltr'>etc.</span> <span class='ocrx_word' id='word_1_72' title='bbox 806 1048 834 1090; x_wconf 89' lang='lat' dir='ltr'>et</span> <span class='ocrx_word' id='word_1_73' title='bbox 847 1055 888 1091; x_wconf 86' lang='lat' dir='ltr'>vs.</span> <span class='ocrx_word' id='word_1_74' title='bbox 902 1039 952 1092; x_wconf 83' lang='grc'>511</span> <span class='ocrx_word' id='word_1_75' title='bbox 970 1056 1026 1110; x_wconf 87' lang='lat' dir='ltr'>seq.</span> <span class='ocrx_word' id='word_1_76' title='bbox 1042 1040 1119 1107; x_wconf 76' lang='lat' dir='ltr'>gravi</span> <span class='ocrx_word' id='word_1_77' title='bbox 1131 1055 1200 1090; x_wconf 88' lang='lat' dir='ltr'>sono</span> <span class='ocrx_word' id='word_1_78' title='bbox 1212 1040 1324 1089; x_wconf 69' lang='lat' dir='ltr'>inminse</span> <span class='ocrx_word' id='word_1_79' title='bbox 1338 1055 1384 1089; x_wconf 85' lang='lat' dir='ltr'>ru·</span> 
     </span>
     <span class='ocr_line' id='line_1_9' title="bbox 299 1119 1387 1193; baseline -0.002 -19"><span class='ocrx_word' id='word_1_80' title='bbox 299 1119 395 1176; x_wconf 83' lang='lat' dir='ltr'>nicolas</span> <span class='ocrx_word' id='word_1_81' title='bbox 410 1137 573 1174; x_wconf 84' lang='lat' dir='ltr'>convocasse</span> <span class='ocrx_word' id='word_1_82' title='bbox 585 1139 592 1170; x_wconf 80' lang='lat' dir='ltr'>s</span> <span class='ocrx_word' id='word_1_83' title='bbox 603 1137 683 1190; x_wconf 90' lang='lat' dir='ltr'>quam</span> <span class='ocrx_word' id='word_1_84' title='bbox 699 1119 787 1173; x_wconf 68' lang='lat' dir='ltr'>Furiis</span> <span class='ocrx_word' id='word_1_85' title='bbox 802 1121 1032 1175; x_wconf 75' lang='lat' dir='ltr'>machinationem</span> <span class='ocrx_word' id='word_1_86' title='bbox 1046 1120 1186 1193; x_wconf 86' lang='lat' dir='ltr'>diramque</span> <span class='ocrx_word' id='word_1_87' title='bbox 1199 1121 1317 1173; x_wconf 79' lang='lat' dir='ltr'>formam</span> <span class='ocrx_word' id='word_1_88' title='bbox 1331 1137 1387 1172; x_wconf 91' lang='lat' dir='ltr'>non</span> 
     </span>
     <span class='ocr_line' id='line_1_10' title="bbox 299 1203 1388 1278; baseline -0.003 -21"><span class='ocrx_word' id='word_1_89' title='bbox 299 1216 356 1258; x_wconf 84' lang='lat' dir='ltr'>tam</span> <span class='ocrx_word' id='word_1_90' title='bbox 365 1203 492 1275; x_wconf 77' lang='lat' dir='ltr'>praeclare</span> <span class='ocrx_word' id='word_1_91' title='bbox 503 1203 670 1257; x_wconf 74' lang='lat' dir='ltr'>comminisci</span> <span class='ocrx_word' id='word_1_92' title='bbox 679 1216 706 1257; x_wconf 87' lang='lat' dir='ltr'>et</span> <span class='ocrx_word' id='word_1_93' title='bbox 717 1215 771 1257; x_wconf 88' lang='lat' dir='ltr'>tam</span> <span class='ocrx_word' id='word_1_94' title='bbox 780 1203 922 1278; x_wconf 74' lang='lat' dir='ltr'>exquisitis</span> <span class='ocrx_word' id='word_1_95' title='bbox 933 1205 1069 1258; x_wconf 80' lang='lat' dir='ltr'>coloribus</span> <span class='ocrx_word' id='word_1_96' title='bbox 1080 1203 1242 1258; x_wconf 85' lang='lat' dir='ltr'>adumbrare</span> <span class='ocrx_word' id='word_1_97' title='bbox 1253 1203 1388 1275; x_wconf 87' lang='lat' dir='ltr'>potuisset</span> 
     </span>
     <span class='ocr_line' id='line_1_11' title="bbox 302 1283 1388 1361; baseline -0.003 -21"><span class='ocrx_word' id='word_1_98' title='bbox 302 1285 421 1358; x_wconf 85' lang='lat' dir='ltr'>(AEneid.</span> <span class='ocrx_word' id='word_1_99' title='bbox 434 1285 500 1351; x_wconf 81' lang='lat' dir='ltr'>VII,</span> <span class='ocrx_word' id='word_1_100' title='bbox 518 1283 679 1357; x_wconf 70' lang='lat' dir='ltr'>ini—571),</span> <span class='ocrx_word' id='word_1_101' title='bbox 693 1287 717 1341; x_wconf 89' lang='lat' dir='ltr'>si</span> <span class='ocrx_word' id='word_1_102' title='bbox 723 1309 800 1357; x_wconf 86' lang='lat' dir='ltr'>puer,</span> <span class='ocrx_word' id='word_1_103' title='bbox 814 1288 898 1356; x_wconf 88' lang='lat' dir='ltr'>servi,</span> <span class='ocrx_word' id='word_1_104' title='bbox 910 1289 954 1342; x_wconf 88' lang='lat' dir='ltr'>vel</span> <span class='ocrx_word' id='word_1_105' title='bbox 964 1306 1078 1361; x_wconf 79' lang='lat' dir='ltr'>magnus</span> <span class='ocrx_word' id='word_1_106' title='bbox 1090 1306 1231 1342; x_wconf 88' lang='lat' dir='ltr'>servorum</span> <span class='ocrx_word' id='word_1_107' title='bbox 1245 1303 1388 1348; x_wconf 86' lang='lat' dir='ltr'>numerus,</span> 
     </span>
     <span class='ocr_line' id='line_1_12' title="bbox 300 1369 1387 1440; baseline -0.004 -13"><span class='ocrx_word' id='word_1_108' title='bbox 300 1385 329 1427; x_wconf 87' lang='lat' dir='ltr'>et</span> <span class='ocrx_word' id='word_1_109' title='bbox 337 1374 466 1426; x_wconf 78' lang='lat' dir='ltr'>tolerabile</span> <span class='ocrx_word' id='word_1_110' title='bbox 478 1373 626 1439; x_wconf 75' lang='lat' dir='ltr'>hospitium,</span> <span class='ocrx_word' id='word_1_111' title='bbox 640 1371 753 1440; x_wconf 84' lang='lat' dir='ltr'>domus,</span> <span class='ocrx_word' id='word_1_112' title='bbox 766 1373 792 1428; x_wconf 89' lang='lat' dir='ltr'>ei</span> <span class='ocrx_word' id='word_1_113' title='bbox 801 1374 909 1439; x_wconf 77' lang='lat' dir='ltr'>dees&#39;tet,</span> <span class='ocrx_word' id='word_1_114' title='bbox 919 1372 1067 1438; x_wconf 74' lang='lat' dir='ltr'>defuisset,</span> <span class='ocrx_word' id='word_1_115' title='bbox 1078 1371 1131 1428; x_wconf 85' lang='lat' dir='ltr'>boc</span> <span class='ocrx_word' id='word_1_116' title='bbox 1140 1384 1197 1438; x_wconf 81' lang='lat' dir='ltr'>est,</span> <span class='ocrx_word' id='word_1_117' title='bbox 1206 1371 1230 1424; x_wconf 86' lang='lat' dir='ltr'>si</span> <span class='ocrx_word' id='word_1_118' title='bbox 1243 1391 1299 1424; x_wconf 88' lang='lat' dir='ltr'>non</span> <span class='ocrx_word' id='word_1_119' title='bbox 1309 1369 1387 1423; x_wconf 85' lang='lat' dir='ltr'>dives</span> 
     </span>
     <span class='ocr_line' id='line_1_13' title="bbox 301 1453 1387 1529; baseline -0.005 -19"><span class='ocrx_word' id='word_1_120' title='bbox 301 1456 410 1518; x_wconf 63' lang='lat' dir='ltr'>inissem</span> <span class='ocrx_word' id='word_1_121' title='bbox 421 1467 480 1509; x_wconf 89' lang='lat' dir='ltr'>tum</span> <span class='ocrx_word' id='word_1_122' title='bbox 493 1455 565 1509; x_wconf 89' lang='lat' dir='ltr'>enim</span> <span class='ocrx_word' id='word_1_123' title='bbox 577 1453 679 1529; x_wconf 81' lang='lat' dir='ltr'>hydros</span> <span class='ocrx_word' id='word_1_124' title='bbox 688 1476 745 1510; x_wconf 92' lang='lat' dir='ltr'>uon</span> <span class='ocrx_word' id='word_1_125' title='bbox 759 1471 879 1522; x_wconf 87' lang='lat' dir='ltr'>erectos,</span> <span class='ocrx_word' id='word_1_126' title='bbox 897 1456 944 1511; x_wconf 89' lang='lat' dir='ltr'>sed</span> <span class='ocrx_word' id='word_1_127' title='bbox 958 1460 1074 1509; x_wconf 80' lang='lat' dir='ltr'>endenses</span> <span class='ocrx_word' id='word_1_128' title='bbox 1087 1477 1104 1508; x_wconf 88' lang='lat' dir='ltr'>n</span> <span class='ocrx_word' id='word_1_129' title='bbox 1117 1458 1227 1508; x_wconf 77' lang='lat' dir='ltr'>crinibus</span> <span class='ocrx_word' id='word_1_130' title='bbox 1240 1472 1387 1526; x_wconf 74' lang='lat' dir='ltr'>perperam</span> 
     </span>
     <span class='ocr_line' id='line_1_14' title="bbox 299 1537 1385 1614; baseline -0.004 -20"><span class='ocrx_word' id='word_1_131' title='bbox 299 1540 438 1604; x_wconf 82' lang='lat' dir='ltr'>finxisset,</span> <span class='ocrx_word' id='word_1_132' title='bbox 455 1551 482 1592; x_wconf 89' lang='lat' dir='ltr'>et</span> <span class='ocrx_word' id='word_1_133' title='bbox 495 1542 597 1590; x_wconf 78' lang='lat' dir='ltr'>baccina</span> <span class='ocrx_word' id='word_1_134' title='bbox 612 1539 708 1594; x_wconf 86' lang='lat' dir='ltr'>luisset</span> <span class='ocrx_word' id='word_1_135' title='bbox 718 1545 808 1608; x_wconf 85' lang='lat' dir='ltr'>surda,</span> <span class='ocrx_word' id='word_1_136' title='bbox 824 1561 878 1595; x_wconf 92' lang='lat' dir='ltr'>non</span> <span class='ocrx_word' id='word_1_137' title='bbox 890 1540 953 1596; x_wconf 86' lang='lat' dir='ltr'>data</span> <span class='ocrx_word' id='word_1_138' title='bbox 962 1541 1051 1594; x_wconf 72' lang='lat' dir='ltr'>Furiae</span> <span class='ocrx_word' id='word_1_139' title='bbox 1063 1559 1151 1614; x_wconf 88' lang='lat' dir='ltr'>neque</span> <span class='ocrx_word' id='word_1_140' title='bbox 1164 1553 1220 1593; x_wconf 89' lang='lat' dir='ltr'>tam</span> <span class='ocrx_word' id='word_1_141' title='bbox 1231 1537 1385 1593; x_wconf 85' lang='lat' dir='ltr'>borreudns</span> 
     </span>
     <span class='ocr_line' id='line_1_15' title="bbox 300 1622 1386 1700; baseline -0.005 -21"><span class='ocrx_word' id='word_1_142' title='bbox 300 1626 326 1679; x_wconf 88' lang='lat' dir='ltr'>ei</span> <span class='ocrx_word' id='word_1_143' title='bbox 335 1625 452 1680; x_wconf 90' lang='lat' dir='ltr'>tributus</span> <span class='ocrx_word' id='word_1_144' title='bbox 467 1637 536 1677; x_wconf 87' lang='lat' dir='ltr'>esset</span> <span class='ocrx_word' id='word_1_145' title='bbox 545 1626 660 1680; x_wconf 89' lang='lat' dir='ltr'>sonitus.</span> <span class='ocrx_word' id='word_1_146' title='bbox 676 1628 735 1682; x_wconf 88' lang='lat' dir='ltr'>Hoc</span> <span class='ocrx_word' id='word_1_147' title='bbox 746 1646 813 1680; x_wconf 89' lang='lat' dir='ltr'>vero</span> <span class='ocrx_word' id='word_1_148' title='bbox 824 1625 928 1682; x_wconf 90' lang='lat' dir='ltr'>dictum</span> <span class='ocrx_word' id='word_1_149' title='bbox 941 1639 982 1681; x_wconf 88' lang='lat' dir='ltr'>est</span> <span class='ocrx_word' id='word_1_150' title='bbox 995 1643 1063 1698; x_wconf 88' lang='lat' dir='ltr'>pro:</span> <span class='ocrx_word' id='word_1_151' title='bbox 1078 1625 1224 1700; x_wconf 79' lang='lat' dir='ltr'>Virgilius,</span> <span class='ocrx_word' id='word_1_152' title='bbox 1240 1622 1264 1676; x_wconf 89' lang='lat' dir='ltr'>si</span> <span class='ocrx_word' id='word_1_153' title='bbox 1280 1641 1386 1695; x_wconf 79' lang='lat' dir='ltr'>pauper</span> 
     </span>
     <span class='ocr_line' id='line_1_16' title="bbox 300 1705 1384 1780; baseline -0.004 -18"><span class='ocrx_word' id='word_1_154' title='bbox 300 1708 410 1774; x_wconf 85' lang='lat' dir='ltr'>suisset,</span> <span class='ocrx_word' id='word_1_155' title='bbox 429 1707 547 1761; x_wconf 88' lang='lat' dir='ltr'>scribere</span> <span class='ocrx_word' id='word_1_156' title='bbox 559 1726 616 1761; x_wconf 89' lang='lat' dir='ltr'>non</span> <span class='ocrx_word' id='word_1_157' title='bbox 632 1709 765 1780; x_wconf 89' lang='lat' dir='ltr'>potuisset</span> <span class='ocrx_word' id='word_1_158' title='bbox 782 1709 938 1774; x_wconf 83' lang='lat' dir='ltr'>AEneidem,</span> <span class='ocrx_word' id='word_1_159' title='bbox 956 1709 1079 1762; x_wconf 89' lang='lat' dir='ltr'>divinum</span> <span class='ocrx_word' id='word_1_160' title='bbox 1095 1727 1218 1772; x_wconf 87' lang='lat' dir='ltr'>carmen,</span> <span class='ocrx_word' id='word_1_161' title='bbox 1234 1705 1311 1779; x_wconf 91' lang='lat' dir='ltr'>quod</span> <span class='ocrx_word' id='word_1_162' title='bbox 1328 1726 1384 1759; x_wconf 91' lang='lat' dir='ltr'>non</span> 
     </span>
     <span class='ocr_line' id='line_1_17' title="bbox 299 1790 1386 1866; baseline -0.004 -20"><span class='ocrx_word' id='word_1_163' title='bbox 299 1792 390 1846; x_wconf 82' lang='lat' dir='ltr'>minus</span> <span class='ocrx_word' id='word_1_164' title='bbox 401 1809 506 1856; x_wconf 79' lang='lat' dir='ltr'>rerum,</span> <span class='ocrx_word' id='word_1_165' title='bbox 516 1791 738 1863; x_wconf 74' lang='lat' dir='ltr'>phantasmatum</span> <span class='ocrx_word' id='word_1_166' title='bbox 746 1807 1014 1866; x_wconf 86' lang='lat' dir='ltr'>commentorumqne</span> <span class='ocrx_word' id='word_1_167' title='bbox 1021 1792 1142 1856; x_wconf 87' lang='lat' dir='ltr'>delectu,</span> <span class='ocrx_word' id='word_1_168' title='bbox 1151 1805 1233 1863; x_wconf 90' lang='lat' dir='ltr'>atque</span> <span class='ocrx_word' id='word_1_169' title='bbox 1240 1790 1337 1843; x_wconf 87' lang='lat' dir='ltr'>subtili</span> <span class='ocrx_word' id='word_1_170' title='bbox 1346 1791 1386 1842; x_wconf 91' lang='lat' dir='ltr'>in·</span> 
     </span>
     <span class='ocr_line' id='line_1_18' title="bbox 301 1873 1385 1950; baseline -0.002 -22"><span class='ocrx_word' id='word_1_171' title='bbox 301 1873 445 1938; x_wconf 84' lang='lat' dir='ltr'>ventione,</span> <span class='ocrx_word' id='word_1_172' title='bbox 460 1887 488 1928; x_wconf 88' lang='lat' dir='ltr'>et</span> <span class='ocrx_word' id='word_1_173' title='bbox 502 1875 662 1929; x_wconf 76' lang='lat' dir='ltr'>narrationis</span> <span class='ocrx_word' id='word_1_174' title='bbox 677 1879 848 1947; x_wconf 80' lang='lat' dir='ltr'>praestantia,</span> <span class='ocrx_word' id='word_1_175' title='bbox 864 1895 947 1950; x_wconf 84' lang='lat' dir='ltr'>qnam</span> <span class='ocrx_word' id='word_1_176' title='bbox 963 1876 1094 1931; x_wconf 86' lang='lat' dir='ltr'>orationis</span> <span class='ocrx_word' id='word_1_177' title='bbox 1104 1874 1236 1947; x_wconf 70' lang='lat' dir='ltr'>dignitate</span> <span class='ocrx_word' id='word_1_178' title='bbox 1248 1886 1275 1928; x_wconf 94' lang='lat' dir='ltr'>et</span> <span class='ocrx_word' id='word_1_179' title='bbox 1285 1885 1385 1926; x_wconf 84' lang='lat' dir='ltr'>ornatu</span> 
     </span>
     <span class='ocr_line' id='line_1_19' title="bbox 301 1956 1385 2034; baseline -0.004 -20"><span class='ocrx_word' id='word_1_180' title='bbox 301 1957 418 2014; x_wconf 86' lang='lat' dir='ltr'>excellit.</span> <span class='ocrx_word' id='word_1_181' title='bbox 433 1957 498 2010; x_wconf 82' lang='lat' dir='ltr'>llaec</span> <span class='ocrx_word' id='word_1_182' title='bbox 509 1969 549 2010; x_wconf 88' lang='lat' dir='ltr'>est</span> <span class='ocrx_word' id='word_1_183' title='bbox 562 1959 694 2012; x_wconf 87' lang='lat' dir='ltr'>sententia</span> <span class='ocrx_word' id='word_1_184' title='bbox 706 1961 827 2032; x_wconf 71' lang='lat' dir='ltr'>preclari</span> <span class='ocrx_word' id='word_1_185' title='bbox 839 1961 922 2034; x_wconf 86' lang='lat' dir='ltr'>hujus</span> <span class='ocrx_word' id='word_1_186' title='bbox 934 1961 1006 2026; x_wconf 91' lang='lat' dir='ltr'>loci,</span> <span class='ocrx_word' id='word_1_187' title='bbox 1020 1974 1101 2032; x_wconf 87' lang='lat' dir='ltr'>atque</span> <span class='ocrx_word' id='word_1_188' title='bbox 1114 1959 1251 2013; x_wconf 90' lang='lat' dir='ltr'>nobilitati</span> <span class='ocrx_word' id='word_1_189' title='bbox 1259 1956 1385 2030; x_wconf 81' lang='lat' dir='ltr'>judicio,</span> 
     </span>
     <span class='ocr_line' id='line_1_20' title="bbox 301 2039 1384 2117; baseline -0.003 -21"><span class='ocrx_word' id='word_1_190' title='bbox 301 2041 377 2117; x_wconf 84' lang='lat' dir='ltr'>quud</span> <span class='ocrx_word' id='word_1_191' title='bbox 387 2055 471 2115; x_wconf 87' lang='lat' dir='ltr'>poeta</span> <span class='ocrx_word' id='word_1_192' title='bbox 482 2041 545 2094; x_wconf 87' lang='lat' dir='ltr'>tulit</span> <span class='ocrx_word' id='word_1_193' title='bbox 556 2039 590 2094; x_wconf 92' lang='lat' dir='ltr'>de</span> <span class='ocrx_word' id='word_1_194' title='bbox 601 2041 661 2097; x_wconf 92' lang='lat' dir='ltr'>loco</span> <span class='ocrx_word' id='word_1_195' title='bbox 674 2043 722 2096; x_wconf 91' lang='lat' dir='ltr'>illo</span> <span class='ocrx_word' id='word_1_196' title='bbox 731 2042 827 2114; x_wconf 83' lang='lat' dir='ltr'>Virgil.</span> <span class='ocrx_word' id='word_1_197' title='bbox 839 2043 945 2097; x_wconf 82' lang='lat' dir='ltr'>AEneid.</span> <span class='ocrx_word' id='word_1_198' title='bbox 955 2044 1026 2109; x_wconf 89' lang='lat' dir='ltr'>VII,</span> <span class='ocrx_word' id='word_1_199' title='bbox 1044 2043 1094 2096; x_wconf 78' lang='lat'>323</span> <span class='ocrx_word' id='word_1_200' title='bbox 1109 2061 1165 2116; x_wconf 89' lang='lat' dir='ltr'>seq.</span> <span class='ocrx_word' id='word_1_201' title='bbox 1182 2061 1266 2115; x_wconf 88' lang='lat' dir='ltr'>quem</span> <span class='ocrx_word' id='word_1_202' title='bbox 1277 2041 1384 2114; x_wconf 72' lang='lat' dir='ltr'>egregie</span> 
     </span>
     <span class='ocr_line' id='line_1_21' title="bbox 300 2125 1383 2200; baseline -0.003 -20"><span class='ocrx_word' id='word_1_203' title='bbox 300 2125 412 2200; x_wconf 89' lang='lat' dir='ltr'>quidem</span> <span class='ocrx_word' id='word_1_204' title='bbox 430 2137 575 2180; x_wconf 89' lang='lat' dir='ltr'>tractatum</span> <span class='ocrx_word' id='word_1_205' title='bbox 589 2139 780 2199; x_wconf 86' lang='lat' dir='ltr'>ornatumque,</span> <span class='ocrx_word' id='word_1_206' title='bbox 805 2140 833 2181; x_wconf 88' lang='lat' dir='ltr'>at</span> <span class='ocrx_word' id='word_1_207' title='bbox 847 2127 953 2180; x_wconf 89' lang='lat' dir='ltr'>inventi</span> <span class='ocrx_word' id='word_1_208' title='bbox 972 2127 1121 2180; x_wconf 87' lang='lat' dir='ltr'>subtilitate</span> <span class='ocrx_word' id='word_1_209' title='bbox 1138 2125 1181 2180; x_wconf 93' lang='lat' dir='ltr'>vel</span> <span class='ocrx_word' id='word_1_210' title='bbox 1200 2125 1310 2178; x_wconf 91' lang='lat' dir='ltr'>solertia</span> <span class='ocrx_word' id='word_1_211' title='bbox 1326 2144 1383 2190; x_wconf 83' lang='lat' dir='ltr'>non</span> 
     </span>
     <span class='ocr_line' id='line_1_22' title="bbox 301 2208 1384 2284; baseline -0.005 -20"><span class='ocrx_word' id='word_1_212' title='bbox 301 2209 370 2264; x_wconf 87' lang='lat' dir='ltr'>adeo</span> <span class='ocrx_word' id='word_1_213' title='bbox 385 2209 521 2280; x_wconf 77' lang='lat' dir='ltr'>insignem</span> <span class='ocrx_word' id='word_1_214' title='bbox 536 2226 609 2274; x_wconf 90' lang='lat' dir='ltr'>esse,</span> <span class='ocrx_word' id='word_1_215' title='bbox 626 2209 682 2282; x_wconf 72' lang='lat' dir='ltr'>iam</span> <span class='ocrx_word' id='word_1_216' title='bbox 692 2212 798 2265; x_wconf 89' lang='lat' dir='ltr'>monuit</span> <span class='ocrx_word' id='word_1_217' title='bbox 810 2211 915 2284; x_wconf 80' lang='lat' dir='ltr'>lieyne.</span> <span class='ocrx_word' id='word_1_218' title='bbox 929 2211 1009 2264; x_wconf 85' lang='lat' dir='ltr'>Coni.</span> <span class='ocrx_word' id='word_1_219' title='bbox 1023 2209 1058 2264; x_wconf 88' lang='lat' dir='ltr'>ad</span> <span class='ocrx_word' id='word_1_220' title='bbox 1071 2228 1114 2263; x_wconf 74' lang='lat' dir='ltr'>vs,</span> <span class='ocrx_word' id='word_1_221' title='bbox 1132 2212 1175 2264; x_wconf 76' lang='lat'>62.</span> <span class='ocrx_word' id='word_1_222' title='bbox 1191 2208 1346 2281; x_wconf 78' lang='lat' dir='ltr'>Virgilius,</span> <span class='ocrx_word' id='word_1_223' title='bbox 1360 2208 1384 2260; x_wconf 91' lang='lat' dir='ltr'>si</span> 
     </span>
     <span class='ocr_line' id='line_1_23' title="bbox 299 2290 1383 2368; baseline -0.005 -21"><span class='ocrx_word' id='word_1_224' title='bbox 299 2297 408 2348; x_wconf 86' lang='lat' dir='ltr'>Donato</span> <span class='ocrx_word' id='word_1_225' title='bbox 419 2291 487 2346; x_wconf 78' lang='lat' dir='ltr'>fides</span> <span class='ocrx_word' id='word_1_226' title='bbox 505 2290 633 2346; x_wconf 86' lang='lat' dir='ltr'>habenda</span> <span class='ocrx_word' id='word_1_227' title='bbox 652 2293 680 2346; x_wconf 88' lang='lat' dir='ltr'>in</span> <span class='ocrx_word' id='word_1_228' title='bbox 694 2294 751 2348; x_wconf 80' lang='lat' dir='ltr'>vitu</span> <span class='ocrx_word' id='word_1_229' title='bbox 763 2297 836 2368; x_wconf 73' lang='lat' dir='ltr'>ejus,</span> <span class='ocrx_word' id='word_1_230' title='bbox 850 2315 875 2350; x_wconf 87' lang='lat' dir='ltr'>c.</span> <span class='ocrx_word' id='word_1_231' title='bbox 890 2298 924 2361; x_wconf 86' lang='lat'>6,</span> <span class='ocrx_word' id='word_1_232' title='bbox 938 2297 1048 2362; x_wconf 82' lang='lat' dir='ltr'>possedit</span> <span class='ocrx_word' id='word_1_233' title='bbox 1054 2313 1136 2362; x_wconf 82' lang='lat' dir='ltr'>prope</span> <span class='ocrx_word' id='word_1_234' title='bbox 1147 2297 1238 2346; x_wconf 83' lang='lat' dir='ltr'>centies</span> <span class='ocrx_word' id='word_1_235' title='bbox 1249 2297 1383 2344; x_wconf 71' lang='lat' dir='ltr'>sestertium</span> 
     </span>
     <span class='ocr_line' id='line_1_24' title="bbox 298 2378 1385 2447; baseline -0.004 -17"><span class='ocrx_word' id='word_1_236' title='bbox 298 2397 335 2430; x_wconf 74' lang='lat' dir='ltr'>ex</span> <span class='ocrx_word' id='word_1_237' title='bbox 350 2379 500 2431; x_wconf 81' lang='lat' dir='ltr'>iiberalitate</span> <span class='ocrx_word' id='word_1_238' title='bbox 516 2378 664 2442; x_wconf 81' lang='lat' dir='ltr'>amisorum,</span> <span class='ocrx_word' id='word_1_239' title='bbox 683 2379 816 2446; x_wconf 75' lang='lat' dir='ltr'>indicitque</span> <span class='ocrx_word' id='word_1_240' title='bbox 831 2382 930 2430; x_wconf 83' lang='lat' dir='ltr'>domurn</span> <span class='ocrx_word' id='word_1_241' title='bbox 945 2383 1030 2431; x_wconf 78' lang='lat' dir='ltr'>nomn</span> <span class='ocrx_word' id='word_1_242' title='bbox 1044 2381 1070 2428; x_wconf 91' lang='lat' dir='ltr'>in</span> <span class='ocrx_word' id='word_1_243' title='bbox 1085 2380 1202 2447; x_wconf 81' lang='lat' dir='ltr'>Esquiliis</span> <span class='ocrx_word' id='word_1_244' title='bbox 1209 2380 1288 2446; x_wconf 73' lang='lat' dir='ltr'>juata</span> <span class='ocrx_word' id='word_1_245' title='bbox 1302 2379 1385 2428; x_wconf 67' lang='lat' dir='ltr'>lusos</span> 
     </span>
     <span class='ocr_line' id='line_1_25' title="bbox 301 2459 1385 2532; baseline -0.001 -18"><span class='ocrx_word' id='word_1_246' title='bbox 301 2459 462 2528; x_wconf 69' lang='lat' dir='ltr'>Maecenatis,</span> <span class='ocrx_word' id='word_1_247' title='bbox 482 2467 633 2528; x_wconf 81' lang='lat' dir='ltr'>quarnqntnnt</span> <span class='ocrx_word' id='word_1_248' title='bbox 641 2479 738 2512; x_wconf 82' lang='lat' dir='ltr'>secessu</span> <span class='ocrx_word' id='word_1_249' title='bbox 751 2460 780 2514; x_wconf 89' lang='lat' dir='ltr'>iu</span> <span class='ocrx_word' id='word_1_250' title='bbox 790 2459 854 2513; x_wconf 86' lang='lat' dir='ltr'>villa</span> <span class='ocrx_word' id='word_1_251' title='bbox 864 2462 1018 2528; x_wconf 74' lang='lat' dir='ltr'>Campania,</span> <span class='ocrx_word' id='word_1_252' title='bbox 1032 2479 1089 2512; x_wconf 89' lang='lat' dir='ltr'>non</span> <span class='ocrx_word' id='word_1_253' title='bbox 1099 2461 1180 2532; x_wconf 74' lang='lat' dir='ltr'>longe</span> <span class='ocrx_word' id='word_1_254' title='bbox 1191 2479 1206 2513; x_wconf 87' lang='lat' dir='ltr'>a</span> <span class='ocrx_word' id='word_1_255' title='bbox 1220 2459 1290 2512; x_wconf 88' lang='lat' dir='ltr'>Nola</span> <span class='ocrx_word' id='word_1_256' title='bbox 1301 2460 1385 2528; x_wconf 85' lang='lat' dir='ltr'>(vide</span> 
     </span>
    </p>
   </div>
   <div class='ocr_carea' id='block_1_3' title="bbox 300 2534 1383 2872">
    <p class='ocr_par' dir='ltr' id='par_1_3' title="bbox 300 2534 1383 2872">
     <span class='ocr_line' id='line_1_26' title="bbox 301 2534 1383 2616; baseline -0.002 -18"><span class='ocrx_word' id='word_1_257' title='bbox 301 2545 451 2609; x_wconf 80' lang='lat' dir='ltr'>Gettvl1,</span> <span class='ocrx_word' id='word_1_258' title='bbox 466 2549 526 2616; x_wconf 85' lang='lat' dir='ltr'>ao),</span> <span class='ocrx_word' id='word_1_259' title='bbox 542 2546 682 2612; x_wconf 80' lang='lat' dir='ltr'>Sr&#39;eilioeqne</span> <span class='ocrx_word' id='word_1_260' title='bbox 694 2546 826 2610; x_wconf 81' lang='lat' dir='ltr'>plurimum</span> <span class='ocrx_word' id='word_1_261' title='bbox 836 2557 950 2597; x_wconf 72' lang='lat' dir='ltr'>niteretur.</span> <span class='ocrx_word' id='word_1_262' title='bbox 962 2534 1093 2597; x_wconf 84' lang='lat' dir='ltr'>Eumdcm</span> <span class='ocrx_word' id='word_1_263' title='bbox 1108 2557 1198 2598; x_wconf 89' lang='lat' dir='ltr'>tamen</span> <span class='ocrx_word' id='word_1_264' title='bbox 1210 2545 1279 2596; x_wconf 86' lang='lat' dir='ltr'>inme</span> <span class='ocrx_word' id='word_1_265' title='bbox 1291 2556 1319 2596; x_wconf 92' lang='lat' dir='ltr'>et</span> <span class='ocrx_word' id='word_1_266' title='bbox 1331 2545 1383 2596; x_wconf 87' lang='lat' dir='ltr'>mi·</span> 
     </span>
     <span class='ocr_line' id='line_1_27' title="bbox 302 2627 1382 2704; baseline -0.004 -20"><span class='ocrx_word' id='word_1_267' title='bbox 302 2631 385 2700; x_wconf 88' lang='lat' dir='ltr'>seria,</span> <span class='ocrx_word' id='word_1_268' title='bbox 395 2650 471 2704; x_wconf 70' lang='lat' dir='ltr'>eque</span> <span class='ocrx_word' id='word_1_269' title='bbox 482 2651 514 2685; x_wconf 88' lang='lat' dir='ltr'>ac</span> <span class='ocrx_word' id='word_1_270' title='bbox 527 2630 683 2694; x_wconf 86' lang='lat' dir='ltr'>Horatium,</span> <span class='ocrx_word' id='word_1_271' title='bbox 696 2627 730 2682; x_wconf 88' lang='lat' dir='ltr'>ad</span> <span class='ocrx_word' id='word_1_272' title='bbox 740 2647 833 2682; x_wconf 87' lang='lat' dir='ltr'>versus</span> <span class='ocrx_word' id='word_1_273' title='bbox 843 2628 1002 2683; x_wconf 84' lang='lat' dir='ltr'>scribendos</span> <span class='ocrx_word' id='word_1_274' title='bbox 1013 2629 1094 2683; x_wconf 86' lang='lat' dir='ltr'>luisse</span> <span class='ocrx_word' id='word_1_275' title='bbox 1106 2629 1275 2702; x_wconf 84' lang='lat' dir='ltr'>perpulsum,</span> <span class='ocrx_word' id='word_1_276' title='bbox 1285 2628 1382 2682; x_wconf 85' lang='lat' dir='ltr'>Gram-</span> 
     </span>
     <span class='ocr_line' id='line_1_28' title="bbox 300 2710 1380 2788; baseline -0.005 -20"><span class='ocrx_word' id='word_1_277' title='bbox 300 2715 391 2770; x_wconf 86' lang='lat' dir='ltr'>matici</span> <span class='ocrx_word' id='word_1_278' title='bbox 401 2733 434 2768; x_wconf 86' lang='lat' dir='ltr'>ex</span> <span class='ocrx_word' id='word_1_279' title='bbox 444 2716 546 2788; x_wconf 82' lang='lat' dir='ltr'>Ecloga</span> <span class='ocrx_word' id='word_1_280' title='bbox 556 2714 643 2788; x_wconf 85' lang='lat' dir='ltr'>prima</span> <span class='ocrx_word' id='word_1_281' title='bbox 652 2729 795 2786; x_wconf 85' lang='lat' dir='ltr'>perperam</span> <span class='ocrx_word' id='word_1_282' title='bbox 804 2712 976 2785; x_wconf 83' lang='lat' dir='ltr'>colligebant.</span> <span class='ocrx_word' id='word_1_283' title='bbox 990 2710 1078 2780; x_wconf 90' lang='lat' dir='ltr'>(Vide</span> <span class='ocrx_word' id='word_1_284' title='bbox 1086 2711 1181 2785; x_wconf 82' lang='lat' dir='ltr'>Hcyne</span> <span class='ocrx_word' id='word_1_285' title='bbox 1192 2711 1222 2764; x_wconf 90' lang='lat' dir='ltr'>in</span> <span class='ocrx_word' id='word_1_286' title='bbox 1230 2711 1291 2763; x_wconf 89' lang='lat' dir='ltr'>Vita</span> <span class='ocrx_word' id='word_1_287' title='bbox 1300 2711 1380 2782; x_wconf 77' lang='lat' dir='ltr'>Virg.</span> 
     </span>
     <span class='ocr_line' id='line_1_29' title="bbox 301 2797 608 2872; baseline 0.003 -19"><span class='ocrx_word' id='word_1_288' title='bbox 301 2797 339 2853; x_wconf 84' lang='lat' dir='ltr'>ad</span> <span class='ocrx_word' id='word_1_289' title='bbox 350 2817 374 2853; x_wconf 82' lang='lat' dir='ltr'>a.</span> <span class='ocrx_word' id='word_1_290' title='bbox 385 2799 421 2854; x_wconf 89' lang='lat' dir='ltr'>U.</span> <span class='ocrx_word' id='word_1_291' title='bbox 433 2798 516 2854; x_wconf 85' lang='lat' dir='ltr'>cond.</span> <span class='ocrx_word' id='word_1_292' title='bbox 528 2800 608 2872; x_wconf 81' lang='grc'>713.)</span> 
     </span>
    </p>
   </div>
   <div class='ocr_carea' id='block_1_4' title="bbox 336 2969 641 3032">
    <p class='ocr_par' dir='ltr' id='par_1_4' title="bbox 336 2969 641 3032">
     <span class='ocr_line' id='line_1_30' title="bbox 336 2969 641 3032; baseline -0.007 -16"><span class='ocrx_word' id='word_1_293' title='bbox 336 2971 405 3017; x_wconf 80' lang='lat' dir='ltr'>Van.</span> <span class='ocrx_word' id='word_1_294' title='bbox 426 2985 467 3030; x_wconf 80' lang='lat'>⁷⁰·</span> <span class='ocrx_word' id='word_1_295' title='bbox 480 2969 582 3030; x_wconf 75' lang='lat' dir='ltr'>Hydra,</span> <span class='ocrx_word' id='word_1_296' title='bbox 599 2985 641 3032; x_wconf 83' lang='lat'>77.</span> 
     </span>
    </p>
   </div>
   <div class='ocr_carea' id='block_1_5' title="bbox 234 3057 1383 3366">
    <p class='ocr_par' dir='ltr' id='par_1_5' title="bbox 234 3057 1383 3366">
     <span class='ocr_line' id='line_1_31' title="bbox 336 3057 1382 3132; baseline -0.005 -18"><span class='ocrx_word' id='word_1_297' title='bbox 336 3062 405 3114; x_wconf 84' lang='lat' dir='ltr'>Nor.</span> <span class='ocrx_word' id='word_1_298' title='bbox 424 3080 467 3132; x_wconf 88' lang='lat'>7⁰·</span> <span class='ocrx_word' id='word_1_299' title='bbox 490 3065 610 3114; x_wconf 63' lang='lat' dir='ltr'>(inderent</span> <span class='ocrx_word' id='word_1_300' title='bbox 619 3079 671 3132; x_wconf 92' lang='lat' dir='ltr'>pro</span> <span class='ocrx_word' id='word_1_301' title='bbox 679 3057 850 3114; x_wconf 87' lang='lat' dir='ltr'>cecidissent.</span> <span class='ocrx_word' id='word_1_302' title='bbox 859 3061 982 3111; x_wconf 74' lang='lat' dir='ltr'>Cnderm</span> <span class='ocrx_word' id='word_1_303' title='bbox 990 3059 1034 3112; x_wconf 89' lang='lat' dir='ltr'>bic</span> <span class='ocrx_word' id='word_1_304' title='bbox 1044 3077 1101 3112; x_wconf 90' lang='lat' dir='ltr'>non</span> <span class='ocrx_word' id='word_1_305' title='bbox 1111 3070 1167 3122; x_wconf 85' lang='lat' dir='ltr'>est,</span> <span class='ocrx_word' id='word_1_306' title='bbox 1177 3061 1297 3111; x_wconf 68' lang='lat' dir='ltr'>endem</span> <span class='ocrx_word' id='word_1_307' title='bbox 1306 3079 1323 3110; x_wconf 83' lang='lat' dir='ltr'>a</span> <span class='ocrx_word' id='word_1_308' title='bbox 1330 3063 1382 3110; x_wconf 79' lang='lat' dir='ltr'>eri·</span> 
     </span>
     <span class='ocr_line' id='line_1_32' title="bbox 234 3139 1381 3216; baseline -0.001 -21"><span class='ocrx_word' id='word_1_309' title='bbox 234 3143 239 3154; x_wconf 90' lang='lat'><strong><em>‘</em></strong></span> <span class='ocrx_word' id='word_1_310' title='bbox 300 3147 373 3196; x_wconf 74' lang='lat' dir='ltr'>nibus</span> <span class='ocrx_word' id='word_1_311' title='bbox 384 3143 506 3197; x_wconf 85' lang='lat' dir='ltr'>finxisset</span> <span class='ocrx_word' id='word_1_312' title='bbox 518 3156 599 3216; x_wconf 88' lang='lat' dir='ltr'>poeta</span> <span class='ocrx_word' id='word_1_313' title='bbox 614 3139 690 3212; x_wconf 87' lang='lat' dir='ltr'>(vide</span> <span class='ocrx_word' id='word_1_314' title='bbox 701 3154 758 3196; x_wconf 91' lang='lat' dir='ltr'>not.</span> <span class='ocrx_word' id='word_1_315' title='bbox 770 3145 859 3214; x_wconf 82' lang='lat' dir='ltr'>sup),</span> <span class='ocrx_word' id='word_1_316' title='bbox 871 3141 918 3195; x_wconf 90' lang='lat' dir='ltr'>sed</span> <span class='ocrx_word' id='word_1_317' title='bbox 930 3152 1051 3204; x_wconf 86' lang='lat' dir='ltr'>tantum,</span> <span class='ocrx_word' id='word_1_318' title='bbox 1063 3140 1212 3196; x_wconf 78' lang='lat' dir='ltr'>defuissent</span> <span class='ocrx_word' id='word_1_319' title='bbox 1223 3142 1276 3214; x_wconf 90' lang='lat' dir='ltr'>ipsi</span> <span class='ocrx_word' id='word_1_320' title='bbox 1291 3143 1381 3195; x_wconf 85' lang='lat' dir='ltr'>omnia</span> 
     </span>
     <span class='ocr_line' id='line_1_33' title="bbox 299 3224 1383 3300; baseline -0.002 -20"><span class='ocrx_word' id='word_1_321' title='bbox 299 3227 491 3298; x_wconf 79' lang='lat' dir='ltr'>eloquentiaeet</span> <span class='ocrx_word' id='word_1_322' title='bbox 500 3247 616 3300; x_wconf 89' lang='lat' dir='ltr'>poeseos</span> <span class='ocrx_word' id='word_1_323' title='bbox 622 3241 797 3293; x_wconf 84' lang='lat' dir='ltr'>ornamenta,</span> <span class='ocrx_word' id='word_1_324' title='bbox 806 3225 903 3299; x_wconf 86' lang='lat' dir='ltr'>quibus</span> <span class='ocrx_word' id='word_1_325' title='bbox 913 3226 941 3278; x_wconf 93' lang='lat' dir='ltr'>in</span> <span class='ocrx_word' id='word_1_326' title='bbox 951 3225 1002 3280; x_wconf 90' lang='lat' dir='ltr'>hac</span> <span class='ocrx_word' id='word_1_327' title='bbox 1010 3226 1118 3279; x_wconf 82' lang='lat' dir='ltr'>Alectus</span> <span class='ocrx_word' id='word_1_328' title='bbox 1127 3224 1308 3298; x_wconf 88' lang='lat' dir='ltr'>descriptione</span> <span class='ocrx_word' id='word_1_329' title='bbox 1316 3245 1383 3280; x_wconf 86' lang='lat' dir='ltr'>usus</span> 
     </span>
     <span class='ocr_line' id='line_1_34' title="bbox 299 3312 414 3366; baseline -0.026 0"><span class='ocrx_word' id='word_1_330' title='bbox 299 3323 350 3366; x_wconf 87' lang='lat' dir='ltr'>est.</span> <span class='ocrx_word' id='word_1_331' title='bbox 361 3312 414 3364; x_wconf 88' lang='lat' dir='ltr'>En.</span> 
     </span>
    </p>
   </div>
   <div class='ocr_carea' id='block_1_6' title="bbox 305 3467 1384 3618">
    <p class='ocr_par' dir='ltr' id='par_1_6' title="bbox 305 3467 1384 3618">
     <span class='ocr_line' id='line_1_35' title="bbox 336 3467 1384 3535; baseline -0.003 -17"><span class='ocrx_word' id='word_1_332' title='bbox 336 3472 406 3520; x_wconf 80' lang='lat' dir='ltr'>Van.</span> <span class='ocrx_word' id='word_1_333' title='bbox 424 3487 467 3535; x_wconf 73' lang='lat' dir='ltr'>pr.</span> <span class='ocrx_word' id='word_1_334' title='bbox 481 3470 591 3535; x_wconf 76' lang='lat' dir='ltr'>nucina,</span> <span class='ocrx_word' id='word_1_335' title='bbox 608 3487 648 3535; x_wconf 83' lang='lat'>17,</span> <span class='ocrx_word' id='word_1_336' title='bbox 664 3488 708 3532; x_wconf 87' lang='lat' dir='ltr'>no,</span> <span class='ocrx_word' id='word_1_337' title='bbox 721 3488 752 3520; x_wconf 85' lang='lat' dir='ltr'>nr</span> <span class='ocrx_word' id='word_1_338' title='bbox 762 3508 771 3532; x_wconf 91' lang='lat'>,</span> <span class='ocrx_word' id='word_1_339' title='bbox 781 3488 829 3530; x_wconf 82' lang='lat' dir='ltr'>nn,</span> <span class='ocrx_word' id='word_1_340' title='bbox 840 3485 894 3534; x_wconf 75' lang='lat' dir='ltr'>qne</span> <span class='ocrx_word' id='word_1_341' title='bbox 903 3468 1024 3534; x_wconf 84' lang='lat' dir='ltr'>scriptura</span> <span class='ocrx_word' id='word_1_342' title='bbox 1034 3467 1125 3516; x_wconf 85' lang='lat' dir='ltr'>rectior</span> <span class='ocrx_word' id='word_1_343' title='bbox 1132 3479 1181 3528; x_wconf 92' lang='lat' dir='ltr'>est,</span> <span class='ocrx_word' id='word_1_344' title='bbox 1192 3467 1238 3516; x_wconf 86' lang='lat' dir='ltr'>sed</span> <span class='ocrx_word' id='word_1_345' title='bbox 1246 3468 1272 3516; x_wconf 90' lang='lat' dir='ltr'>in</span> <span class='ocrx_word' id='word_1_346' title='bbox 1281 3468 1384 3533; x_wconf 77' lang='lat' dir='ltr'>optimis</span> 
     </span>
     <span class='ocr_line' id='line_1_36' title="bbox 305 3551 597 3618; baseline 0 -15"><span class='ocrx_word' id='word_1_347' title='bbox 305 3551 387 3604; x_wconf 89' lang='lat' dir='ltr'>Codd.</span> <span class='ocrx_word' id='word_1_348' title='bbox 399 3569 454 3603; x_wconf 86' lang='lat' dir='ltr'>uon</span> <span class='ocrx_word' id='word_1_349' title='bbox 466 3553 597 3618; x_wconf 87' lang='lat' dir='ltr'>reperitur.</span> 
     </span>
    </p>
   </div>
   <div class='ocr_carea' id='block_1_7' title="bbox 337 3607 1383 3717">
    <p class='ocr_par' dir='ltr' id='par_1_7' title="bbox 337 3607 1383 3717">
     <span class='ocr_line' id='line_1_37' title="bbox 337 3607 1383 3717; baseline -0.004 -19"><span class='ocrx_word' id='word_1_350' title='bbox 337 3646 408 3699; x_wconf 84' lang='lat' dir='ltr'>Non.</span> <span class='ocrx_word' id='word_1_351' title='bbox 427 3663 471 3717; x_wconf 87' lang='lat'>7¹·</span> <span class='ocrx_word' id='word_1_352' title='bbox 491 3648 572 3697; x_wconf 82' lang='lat' dir='ltr'>Surda</span> <span class='ocrx_word' id='word_1_353' title='bbox 583 3658 610 3699; x_wconf 90' lang='lat' dir='ltr'>et</span> <span class='ocrx_word' id='word_1_354' title='bbox 620 3646 692 3717; x_wconf 78' lang='grc' dir='ltr'>κωφὰ</span> <span class='ocrx_word' id='word_1_355' title='bbox 703 3644 790 3717; x_wconf 84' lang='lat' dir='ltr'>poetis</span> <span class='ocrx_word' id='word_1_356' title='bbox 803 3664 859 3698; x_wconf 87' lang='lat' dir='ltr'>non</span> <span class='ocrx_word' id='word_1_357' title='bbox 870 3641 952 3696; x_wconf 90' lang='lat' dir='ltr'>modo</span> <span class='ocrx_word' id='word_1_358' title='bbox 961 3639 1097 3706; x_wconf 87' lang='lat' dir='ltr'>dicantar,</span> <span class='ocrx_word' id='word_1_359' title='bbox 1113 3658 1172 3713; x_wconf 76' lang='lat' dir='ltr'>quse</span> <span class='ocrx_word' id='word_1_360' title='bbox 1184 3607 1239 3694; x_wconf 84' lang='lat' dir='ltr'>non</span> <span class='ocrx_word' id='word_1_361' title='bbox 1251 3641 1383 3705; x_wconf 89' lang='lat' dir='ltr'>audiunt,</span> 
     </span>
    </p>
   </div>
   <div class='ocr_carea' id='block_1_8' title="bbox 302 3725 1384 3885">
    <p class='ocr_par' dir='ltr' id='par_1_8' title="bbox 302 3725 1384 3885">
     <span class='ocr_line' id='line_1_38' title="bbox 302 3725 1383 3803; baseline -0.006 -19"><span class='ocrx_word' id='word_1_362' title='bbox 302 3730 352 3785; x_wconf 88' lang='lat' dir='ltr'>sed</span> <span class='ocrx_word' id='word_1_363' title='bbox 361 3731 444 3785; x_wconf 87' lang='lat' dir='ltr'>etiam</span> <span class='ocrx_word' id='word_1_364' title='bbox 452 3749 511 3803; x_wconf 74' lang='lat' dir='ltr'>quse</span> <span class='ocrx_word' id='word_1_365' title='bbox 520 3749 576 3784; x_wconf 90' lang='lat' dir='ltr'>uon</span> <span class='ocrx_word' id='word_1_366' title='bbox 586 3728 744 3795; x_wconf 87' lang='lat' dir='ltr'>audiuntur,</span> <span class='ocrx_word' id='word_1_367' title='bbox 755 3743 841 3791; x_wconf 88' lang='lat' dir='ltr'>muta,</span> <span class='ocrx_word' id='word_1_368' title='bbox 855 3727 949 3792; x_wconf 79' lang='lat' dir='ltr'>tacita,</span> <span class='ocrx_word' id='word_1_369' title='bbox 963 3739 994 3779; x_wconf 92' lang='lat' dir='ltr'>ut</span> <span class='ocrx_word' id='word_1_370' title='bbox 1004 3725 1031 3779; x_wconf 90' lang='lat' dir='ltr'>h.</span> <span class='ocrx_word' id='word_1_371' title='bbox 1041 3726 1092 3780; x_wconf 91' lang='lat' dir='ltr'>loc.</span> <span class='ocrx_word' id='word_1_372' title='bbox 1102 3739 1129 3778; x_wconf 90' lang='lat' dir='ltr'>et</span> <span class='ocrx_word' id='word_1_373' title='bbox 1138 3725 1222 3789; x_wconf 85' lang='lat' dir='ltr'>xtlt,</span> <span class='ocrx_word' id='word_1_374' title='bbox 1241 3731 1290 3793; x_wconf 71' lang='lat'>¹96</span> <span class='ocrx_word' id='word_1_375' title='bbox 1302 3745 1309 3779; x_wconf 94' lang='lat'><strong>:</strong></span> <span class='ocrx_word' id='word_1_376' title='bbox 1320 3747 1383 3778; x_wconf 82' lang='lat' dir='ltr'>oer-</span> 
     </span>
     <span class='ocr_line' id='line_1_39' title="bbox 303 3805 1384 3885; baseline -0.004 -19"><span class='ocrx_word' id='word_1_377' title='bbox 303 3819 361 3866; x_wconf 78' lang='lat' dir='ltr'>bere</span> <span class='ocrx_word' id='word_1_378' title='bbox 371 3817 458 3878; x_wconf 62' lang='lat' dir='ltr'>ritmo,</span> <span class='ocrx_word' id='word_1_379' title='bbox 472 3813 524 3867; x_wconf 88' lang='lat' dir='ltr'>hoc</span> <span class='ocrx_word' id='word_1_380' title='bbox 537 3826 592 3880; x_wconf 87' lang='lat' dir='ltr'>est,</span> <span class='ocrx_word' id='word_1_381' title='bbox 604 3814 722 3879; x_wconf 89' lang='lat' dir='ltr'>occulto,</span> <span class='ocrx_word' id='word_1_382' title='bbox 735 3813 812 3885; x_wconf 83' lang='lat' dir='ltr'>cnjus</span> <span class='ocrx_word' id='word_1_383' title='bbox 824 3809 944 3864; x_wconf 87' lang='lat' dir='ltr'>sonitum</span> <span class='ocrx_word' id='word_1_384' title='bbox 955 3825 1036 3861; x_wconf 85' lang='lat' dir='ltr'>nemo</span> <span class='ocrx_word' id='word_1_385' title='bbox 1047 3807 1138 3874; x_wconf 84' lang='lat' dir='ltr'>audit,</span> <span class='ocrx_word' id='word_1_386' title='bbox 1149 3805 1196 3860; x_wconf 87' lang='lat' dir='ltr'>sed</span> <span class='ocrx_word' id='word_1_387' title='bbox 1208 3809 1314 3862; x_wconf 78' lang='lat' dir='ltr'>animm</span> <span class='ocrx_word' id='word_1_388' title='bbox 1323 3828 1384 3862; x_wconf 86' lang='lat' dir='ltr'>sen-</span> 
     </span>
    </p>
   </div>
   <div class='ocr_carea' id='block_1_9' title="bbox 300 3893 1384 4233">
    <p class='ocr_par' dir='ltr' id='par_1_9' title="bbox 302 3893 1065 3969">
     <span class='ocr_line' id='line_1_40' title="bbox 302 3893 1065 3969; baseline -0.008 -17"><span class='ocrx_word' id='word_1_389' title='bbox 302 3898 346 3952; x_wconf 88' lang='lat' dir='ltr'>tit.</span> <span class='ocrx_word' id='word_1_390' title='bbox 360 3897 433 3952; x_wconf 84' lang='lat' dir='ltr'>Vide</span> <span class='ocrx_word' id='word_1_391' title='bbox 444 3896 479 3952; x_wconf 89' lang='lat' dir='ltr'>ad</span> <span class='ocrx_word' id='word_1_392' title='bbox 491 3897 538 3952; x_wconf 90' lang='lat' dir='ltr'>Sil.</span> <span class='ocrx_word' id='word_1_393' title='bbox 547 3897 605 3962; x_wconf 93' lang='lat' dir='ltr'>VI,</span> <span class='ocrx_word' id='word_1_394' title='bbox 615 3898 657 3969; x_wconf 86' lang='lat'>75.</span> <span class='ocrx_word' id='word_1_395' title='bbox 667 3927 701 3937; x_wconf 93' lang='lat'><em>-</em></span> <span class='ocrx_word' id='word_1_396' title='bbox 712 3901 836 3958; x_wconf 80' lang='lat' dir='ltr'>Genneret,·</span> <span class='ocrx_word' id='word_1_397' title='bbox 847 3894 907 3949; x_wconf 89' lang='lat' dir='ltr'>vide</span> <span class='ocrx_word' id='word_1_398' title='bbox 919 3893 954 3947; x_wconf 89' lang='lat' dir='ltr'>ad</span> <span class='ocrx_word' id='word_1_399' title='bbox 965 3893 1010 3958; x_wconf 88' lang='lat'>11,</span> <span class='ocrx_word' id='word_1_400' title='bbox 1024 3910 1065 3962; x_wconf 88' lang='lat'>90.</span> 
     </span>
    </p>

    <p class='ocr_par' dir='ltr' id='par_1_10' title="bbox 300 3987 1384 4233">
     <span class='ocr_line' id='line_1_41' title="bbox 339 3987 1382 4066; baseline -0.004 -20"><span class='ocrx_word' id='word_1_401' title='bbox 339 3993 407 4047; x_wconf 84' lang='lat' dir='ltr'>Nor.</span> <span class='ocrx_word' id='word_1_402' title='bbox 426 4012 458 4065; x_wconf 86' lang='lat'>7¹</span> <span class='ocrx_word' id='word_1_403' title='bbox 471 4012 526 4066; x_wconf 88' lang='lat' dir='ltr'>seq.</span> <span class='ocrx_word' id='word_1_404' title='bbox 545 3997 669 4045; x_wconf 85' lang='lat' dir='ltr'>Poscimus</span> <span class='ocrx_word' id='word_1_405' title='bbox 678 3993 789 4066; x_wconf 86' lang='lat' dir='ltr'>injuste,</span> <span class='ocrx_word' id='word_1_406' title='bbox 802 4006 833 4047; x_wconf 89' lang='lat' dir='ltr'>ut</span> <span class='ocrx_word' id='word_1_407' title='bbox 845 4005 932 4064; x_wconf 82' lang='lat' dir='ltr'>poetse</span> <span class='ocrx_word' id='word_1_408' title='bbox 942 3990 1027 4044; x_wconf 91' lang='lat' dir='ltr'>nostri</span> <span class='ocrx_word' id='word_1_409' title='bbox 1037 3987 1175 4062; x_wconf 86' lang='lat' dir='ltr'>temporis,</span> <span class='ocrx_word' id='word_1_410' title='bbox 1186 3991 1234 4063; x_wconf 90' lang='lat' dir='ltr'>qui</span> <span class='ocrx_word' id='word_1_411' title='bbox 1243 3992 1278 4044; x_wconf 86' lang='lat' dir='ltr'>ab</span> <span class='ocrx_word' id='word_1_412' title='bbox 1289 3991 1382 4062; x_wconf 88' lang='lat' dir='ltr'>inopia</span> 
     </span>
     <span class='ocr_line' id='line_1_42' title="bbox 303 4072 1384 4147; baseline -0.001 -20"><span class='ocrx_word' id='word_1_413' title='bbox 303 4087 443 4142; x_wconf 83' lang='lat' dir='ltr'>vexantur,</span> <span class='ocrx_word' id='word_1_414' title='bbox 452 4075 923 4147; x_wconf 83' lang='lat' dir='ltr'>ingeniicarminumqueprsestantia</span> <span class='ocrx_word' id='word_1_415' title='bbox 933 4087 958 4126; x_wconf 90' lang='lat' dir='ltr'>et</span> <span class='ocrx_word' id='word_1_416' title='bbox 969 4072 1059 4127; x_wconf 89' lang='lat' dir='ltr'>solerti</span> <span class='ocrx_word' id='word_1_417' title='bbox 1070 4072 1228 4129; x_wconf 86' lang='lat' dir='ltr'>studio&#39;non</span> <span class='ocrx_word' id='word_1_418' title='bbox 1238 4074 1384 4129; x_wconf 81' lang='lat' dir='ltr'>inferiores</span> 
     </span>
     <span class='ocr_line' id='line_1_43' title="bbox 300 4155 1139 4233; baseline 0.001 -23"><span class='ocrx_word' id='word_1_419' title='bbox 300 4160 355 4214; x_wconf 87' lang='lat' dir='ltr'>sint</span> <span class='ocrx_word' id='word_1_420' title='bbox 366 4157 482 4232; x_wconf 82' lang='lat' dir='ltr'>antiquis</span> <span class='ocrx_word' id='word_1_421' title='bbox 493 4159 597 4231; x_wconf 88' lang='lat' dir='ltr'>poetis,</span> <span class='ocrx_word' id='word_1_422' title='bbox 609 4161 656 4233; x_wconf 89' lang='lat' dir='ltr'>qni</span> <span class='ocrx_word' id='word_1_423' title='bbox 665 4159 813 4214; x_wconf 88' lang='lat' dir='ltr'>honoribus</span> <span class='ocrx_word' id='word_1_424' title='bbox 823 4159 974 4231; x_wconf 87' lang='lat' dir='ltr'>opibusque</span> <span class='ocrx_word' id='word_1_425' title='bbox 986 4155 1139 4212; x_wconf 83' lang='lat' dir='ltr'>affluebant.</span> 
     </span>
    </p>
   </div>
   <div class='ocr_carea' id='block_1_10' title="bbox 0 0 1574 4990">
    <p class='ocr_par' dir='ltr' id='par_1_11' title="bbox 0 0 1574 4990">
     <span class='ocr_line' id='line_1_44' title="bbox 0 0 1574 4990; baseline 0 0"><span class='ocrx_word' id='word_1_426' title='bbox 0 0 1574 4990; x_wconf 95' lang='lat' dir='ltr'> </span> 
     </span>
    </p>
   </div>
  </div>
 </body>
</html>
