3148 4990
318 481 357 520 22
464 460 634 527 VARlAE
664 463 956 534 LECTIONES
987 465 1050 534 ET
1078 468 1232 536 NOTAE

315 569 362 620 cis.
379 574 493 622 «Fabula
505 576 623 643 generale
635 595 729 630 nomen
741 591 778 632 est
791 598 798 632 :
815 583 870 653 ejus
881 581 940 634 dure
951 582 1043 655 prima
1051 596 1138 655 partes
1146 597 1207 637 eunt
1221 587 1391 653 Tragoediam

255 713 261 716 -
318 655 450 704 Comoedia.
465 653 600 727 Tragoedia
612 699 619 724 ,
630 659 652 712 si
664 677 746 730 greca
756 664 958 732 argumentatio,
974 667 1150 732 crepidatursi
1160 667 1237 719 latina
1246 685 1391 738 argumen-

315 737 378 789 tatio
392 739 441 801 sit,
458 746 607 796 Praetextata
622 746 728 800 dieitur.
746 746 879 800 Comoedia
897 761 983 801 sutem
1000 752 1094 804 multas
1111 753 1211 824 species
1227 752 1322 807 habet:
1337 767 1392 806 ant

315 822 385 873 enim
394 827 560 889 Pallbeaest,
567 842 612 882 aut
621 834 714 899 Togata
722 871 729 897 ,
737 839 781 884 aut
792 835 1009 895 Tricensimum
1016 839 1156 898 decelinus,
1165 849 1208 888 ant
1217 837 1314 889 Mision
1321 876 1329 902 ,
1337 850 1391 890 aut

316 908 458 960 alimonica
466 950 474 976 ,
483 917 527 963 aut
535 917 691 982 Planioedio.
698 938 709 960 ι
721 915 764 970 Sic
773 917 867 968 Donati
876 917 953 968 verba
963 917 996 970 ad
1005 918 1121 971 Terentii
1130 919 1263 994 Adelphos
1271 921 1392 975 restituit

292 1029 295 1040 .
316 999 422 1045 ltenvem
428 1015 439 1055 ‚·
452 1010 531 1066 quem
541 995 721 1051 doctissimum
734 994 811 1064 vide,
824 998 857 1052 ad
867 1005 961 1065 Lydum
971 1000 1005 1054 de
1013 1001 1218 1073 magistratibus,
1233 1003 1261 1070 1,
1271 1011 1314 1068 do.
1329 1005 1388 1058 En.

351 1087 419 1140 Nor.
441 1093 466 1151 4.
482 1091 580 1156 Elegos.
595 1088 703 1160 Elegus,
723 1089 819 1160 elegia,
840 1075 944 1144 cannen
957 1091 1068 1164 lugubre
1084 1114 1098 1146 a
1116 1113 1182 1148 voce
1198 1095 1285 1150 Graeca
1305 1093 1387 1166 inin,

316 1173 441 1238 misceor,
453 1166 557 1225 alteruis
570 1183 689 1227 consum
702 1173 836 1240 versibus,
849 1174 915 1227 hena
929 1175 1017 1229 metris
1031 1189 1056 1228 et
1069 1177 1252 1250 pentametris,
1265 1180 1387 1251 primum

315 1257 437 1322 threnos,
449 1255 545 1308 deinde
555 1270 673 1323 amores,
684 1269 825 1329 utrumque
833 1257 1018 1330 saepespiraus.
1032 1259 1083 1312 Eu.
1094 1288 1129 1299 -
1142 1263 1323 1328 consumpserit.
1338 1259 1386 1314 Ad

315 1354 419 1394 noctem
431 1357 514 1413 usqne
526 1339 659 1394 recitando
673 1341 833 1394 contriverit.
848 1342 1032 1396 consumimus
1044 1357 1131 1397 autem
1143 1343 1172 1398 id
1183 1347 1257 1420 cujus
1269 1342 1307 1398 nil
1318 1345 1387 1398 reli·
1401 1340 1405 1349 ’

316 1426 363 1497 qui
376 1435 472 1478 manet.
492 1425 543 1477 Eu.

352 1571 418 1617 Vn.
439 1570 462 1617 ⁵.
484 1569 635 1633 Theleplrus,
655 1572 767 1631 rt,15,
786 1575 833 1630 16,
854 1587 903 1631 ιο,
919 1582 966 1632 as,
985 1588 1030 1634 27,
1045 1573 1094 1631 ⁴⁵3
1110 1573 1140 1620 al.
1156 1572 1204 1620 Sed
1219 1573 1309 1621 Grecis
1321 1579 1384 1622 eon·

317 1659 407 1697 suntet
419 1637 534 1712 Τίλιφος
546 1649 647 1710 dicimr,
660 1651 704 1697 ent
712 1665 804 1698 nomen
812 1651 860 1698 hoe
869 1651 892 1698 ei
902 1651 1008 1700 luditum
1018 1639 1073 1702 ἐπ’
1082 1647 1129 1708 ris
1135 1639 1214 1709 debris
1225 1640 1388 1718 drosxts‘m

318 1717 414 1792 ι’λᾶφου
425 1729 507 1792 tuapte
520 1728 664 1778 fabulantur.
677 1756 713 1767 -
726 1733 784 1778 lam
794 1732 887 1795 pleno,
904 1732 944 1780 13.

352 1823 421 1876 Nor.
443 1822 468 1876 5.
486 1826 615 1891 Telephus,
629 1822 752 1894 tragoedis
767 1824 800 1877 de
811 1825 944 1896 Telepho,
962 1835 988 1876 et
1004 1825 1060 1878 hec
1078 1843 1127 1896 pro
1145 1825 1297 1878 recitatione
1309 1828 1385 1898 eius,

317 1920 347 1960 ut
360 1925 421 1960 mox
435 1913 538 1960 Orestes.
553 1907 657 1960 Fabule
669 1908 780 1980 Telephi
792 1921 818 1961 et
828 1909 927 1961 Orestis
940 1927 954 1960 a
967 1907 1056 1961 multis
1068 1908 1132 1960 olim
1144 1908 1228 1978 poetis
1241 1919 1362 1960 tractatu.
1373 1919 1383 1944 ¹

352 1990 493 2063 Epitheton
503 1994 588 2058 ingens
600 2001 700 2062 spectat
711 1989 744 2043 ad
757 1992 945 2063 longitudinem
955 1991 1077 2044 carminis
1086 1991 1262 2062 orationisque
1273 1991 1385 2062 prolixi·

317 2085 414 2138 tatem,
433 2085 458 2125 et
473 2071 508 2125 ad
525 2073 652 2144 ampullas
664 2085 690 2125 et
702 2073 891 2146 sesquipedalia
904 2073 1001 2140 rerba,
1018 2074 1053 2126 cl.
1070 2073 1160 2126 Horat.
1177 2074 1209 2125 Α.
1225 2072 1255 2125 Ρ.
1272 2067 1323 2140 96',
1338 2088 1383 2142 97.

353 2157 517 2228 Tragoediam
534 2156 568 2209 de
582 2160 728 2210 oneratam
740 2158 868 2230 prolixam
883 2157 962 2209 hrisse
978 2169 1052 2228 poeta
1065 2153 1147 2222 dicit,
1168 2168 1261 2208 utnon
1275 2157 1302 2207 in
1316 2157 1385 2208 inte-

317 2243 387 2294 riore
396 2252 496 2293 tantum
506 2254 531 2292 et
539 2239 646 2293 adversa
656 2253 743 2310 parte,
753 2252 967 2304 morereterum,
979 2239 1128 2291 membrana
1137 2239 1216 2291 fuerit
1224 2240 1367 2311 perscripta
1376 2279 1384 2305 ,

318 2319 365 2374 sed
377 2319 454 2372 edam
466 2321 491 2368 iu
501 2331 582 2386 tergo,
597 2318 624 2368 in
635 2337 724 2370 eversa
736 2319 779 2370 vel
789 2318 891 2371 inserta
903 2317 992 2371 charta
1002 2359 1010 2384 ,
1022 2310 1240 2390 inordinatam.
1256 2319 1315 2371 ttae
1327 2331 1385 2391 spe·

318 2414 389 2456 ctant
403 2401 482 2454 verba
495 2399 586 2452 Sidon.
600 2399 685 2472 Apoll.
698 2399 787 2464 VIII,
802 2403 848 2464 16,
862 2400 895 2451 ab
905 2400 1003 2470 Grang.
1019 2412 1044 2451 et
1056 2398 1147 2452 Heius.
1163 2399 1283 2454 laudata:
1302 2401 1385 2452 aJaru

318 2484 423 2537 venitur
432 2479 466 2534 ad
479 2481 606 2551 margines
618 2475 820 2546 umbilicorum,
830 2484 884 2553 jam
896 2491 997 2550 tempus
1008 2492 1061 2544 est,
1074 2492 1103 2530 ut
1112 2481 1231 2534 satiricus
1241 2482 1294 2548 sit,
1307 2482 1386 2536 Ores·

319 2579 371 2618 tem
381 2579 499 2621 nostrum
511 2565 552 2616 vel
561 2581 640 2634 super
650 2577 719 2634 terga
733 2563 814 2616 finiri:
824 2587 835 2608 ι
850 2561 924 2614 ldem
934 2561 1025 2616 Sidou.
1038 2563 1122 2634 Epist.
1135 2564 1180 2629 11,
1193 2583 1210 2632 9
1222 2577 1287 2618 extr.
1300 2565 1383 2619 dixit:

318 2651 424 2716 epistole
434 2661 525 2714 tergum
541 2648 648 2696 madidis
665 2648 790 2698 sordidare
801 2648 913 2704 eoldmls.
927 2644 1013 2698 Poetre
1025 2653 1111 2698 sutem
1124 2647 1194 2701 illins
1206 2649 1255 2700 sevi
1268 2649 1384 2720 inopiam

318 2743 344 2782 et
354 2729 451 2800 ingenii
465 2741 490 2781 et
500 2745 588 2780 rerum
600 2725 745 2798 prodebant
756 2725 914 2796 argumentis
922 2728 976 2798 jam
986 2726 1126 2783 notissimis
1138 2729 1251 2782 tractatis
1261 2741 1287 2784 et
1297 2728 1331 2782 ad
1344 2731 1384 2783 la·-

316 2811 424 2864 stidium
437 2810 558 2863 dilatatis.

352 2955 420 3002 Vsa.
438 2951 463 3002 6.
477 2957 501 3001 A
513 2965 595 3018 terge,
611 2963 658 3016 ας,
669 2960 693 3000 et
703 2951 753 3000 duo
763 2948 842 3001 Codd.
855 2951 931 3000 Paris.
944 2980 979 2991 -
990 2951 1122 3012 Nondum,
1140 2955 1187 3016 13,
1202 2969 1247 3017 19,
1262 2970 1312 3017 29,
1326 2959 1384 3004 αἱ

319 3037 398 3086 Codd.
413 3038 488 3084 Paris.

353 3133 495 3182 susm-ns.
516 3133 611 3197 7-14.
625 3124 691 3180 Tam
702 3127 750 3180 diu
760 3131 814 3200 jam
827 3140 854 3181 et
863 3140 901 3180 tot
911 3129 995 3200 poetis
1008 3129 1177 3184 recitantibus
1188 3147 1295 3201 operam
1306 3129 1384 3198 dedi,

317 3226 423 3284 tamque
434 3210 550 3281 vulgaria
565 3223 626 3263 sunt
638 3223 694 3264 tum
706 3224 856 3283 argumenta
864 3253 872 3280 ,
891 3231 949 3284 quae
962 3213 996 3267 ab
1013 3213 1045 3266 iis
1058 3225 1176 3279 tantum,
1195 3232 1249 3266 uou
1263 3216 1385 3270 omnibns

736 3373 967 3400 munuum

355 3501 364 3523 ¹
383 3491 448 3539 Vide
465 3493 546 3557 lleyn.
565 3492 596 3539 ad
614 3491 730 3556 Apollod.
745 3495 786 3554 ΙΙ,
800 3510 828 3554 7,
872 3488 1072 3540 winekatnnnni
1085 3493 1113 3541 in
1125 3493 1194 3558 Spec.
1206 3495 1342 3544 Commeat.
1356 3497 1384 3544 in

320 3581 349 3632 4,
363 3581 387 3618 et
397 3573 449 3630 111,
460 3587 492 3633 9,
507 3585 531 3631 1;
545 3567 648 3617 Fabricii
660 3569 775 3620 biblioth.
784 3570 827 3620 Gr.
871 3573 960 3620 lesen.
969 3565 1036 3620 edito
1047 3589 1062 3619 a
1071 3573 1094 3620 S.
1105 3573 1136 3621 V.
1146 3573 1253 3621 Gurlitto
1261 3574 1290 3621 in
1299 3575 1385 3622 Anim-

318 3652 343 3698 L.
358 3653 397 3711 11,
411 3667 432 3698 c.
447 3648 492 3708 16,
510 3666 551 3711 17,
568 3652 614 3710 18,
628 3659 652 3696 et
662 3650 725 3698 nint.
740 3653 790 3698 Lat
801 3653 827 3700 L.
871 3651 926 3700 adv.
937 3651 969 3700 sd
983 3652 1054 3700 Auct.
1066 3661 1124 3700 vett.
1134 3649 1203 3717 Sper.
1215 3652 1254 3712 ΙΙ,
1268 3653 1383 3718 Magdeh.

319 3727 514 3793 1v‚c.1‚§t.
874 3734 952 3792 tflor,
968 3749 1038 3796 pagg.
1054 3731 1383 3797 51,5a,eet:plenajam

354 3814 364 3838 ²
382 3808 453 3856 eant
468 3807 587 3856 Schwars.
604 3807 668 3856 Dies.
682 3807 713 3855 de
732 3825 826 3860 ornam.
870 3809 994 3875 margine,
1011 3811 1083 3876 plene
1096 3812 1169 3860 etiam
1182 3813 1303 3860 exteriore
1315 3823 1383 3877 parte

315 3883 385 3933 llbrr.
399 3886 464 3949 Lips.
480 3889 561 3948 17563
575 3885 672 3934 Salmas.
684 3886 715 3935 ad
725 3889 827 3953 Vopisci
871 3891 978 3954 paginae,
992 3905 1046 3956 qnae
1054 3891 1115 3939 solet
1125 3892 1158 3939 ad
1171 3902 1344 3940 ornamentum
1354 3892 1385 3940 ll·

317 3965 391 4012 l‘irm.
403 3981 424 4010 c.
438 3967 466 4024 3,
479 3981 534 4030 pag.
545 3981 592 4026 7⁰1
608 3982 658 4030 seq.
671 3969 753 4032 lntpp.
764 3966 826 4016 Plin.
871 3971 910 4020 hri
917 3972 1024 4036 relinqui
1031 3989 1104 4020 vacua
1114 3989 1119 4019 :
1131 3972 1154 4018 iu
1162 3982 1242 4036 tergo,
1255 3973 1383 4020 umenti·

317 4045 362 4107 Ep.
376 4043 428 4102 ΙΙΙ,
443 4045 459 4092 5
467 4081 473 4104 ,
491 4061 534 4105 173
548 4046 638 4094 Potterl
651 4046 771 4095 smneot.
783 4047 826 4095 Gr.
871 4052 914 4114 qni
931 4068 963 4099 ex
977 4061 1045 4116 perte
1063 4051 1143 4101 cernis
1158 4051 1312 4112 scribebant,
1329 4069 1382 4100 non

317 4131 333 4170 t.
344 4123 395 4182 111,
405 4139 430 4186 p.
441 4123 491 4186 295
501 4136 551 4186 seq.
560 4123 618 4172 edit.
629 4127 711 4174 Germ.
722 4125 826 4174 Martini.
871 4141 977 4195 exparte
986 4129 1105 4195 pilorum,
1114 4147 1146 4178 ex
1155 4147 1201 4194 qna
1210 4131 1328 4192 imagines
1338 4127 1381 4178 de·

317 4203 365 4262 IV,
386 4203 430 4264 87,
454 4217 498 4261 τις
519 4203 597 4265 vltt,
620 4203 662 4251 62.
682 4205 746 4254 Nou
768 4203 825 4256 soh.
870 4209 1003 4278 pingebant
1015 4211 1045 4258 ad
1055 4211 1163 4260 honores
1173 4209 1321 4274 principum.
