3134 4990
461 441 654 508 sauma
676 443 915 512 surmus.
1166 451 1229 532 sn

148 552 219 641 Qui
235 551 317 622 facis
334 552 369 622 in
387 579 492 650 parva
506 557 665 628 sublimia
679 561 829 641 carmina
843 560 943 649 cella,

148 663 199 732 Ut
211 663 336 759 dignus
350 666 467 736 venias
482 667 618 737 hederis
633 683 670 737 et
683 669 829 765 imagine
843 696 966 741 macra.

147 775 233 868 Spes
249 774 342 844 nulla
359 774 501 845 ulterior
515 780 526 845 ἰ
545 777 666 847 didicit
678 779 749 872 jam
765 780 861 851 dives
877 807 997 852 avarus
1193 801 1229 854 30

147 883 296 952 Tantum
312 883 489 974 admirari,
506 900 639 954 tantum
656 885 792 956 laudare
808 890 967 978 disertos,

147 993 198 1062 Ut
213 995 312 1089 pueri
325 997 470 1067 Junonis
484 1022 592 1066 avem.
610 997 678 1065 Sed
694 997 815 1067 defluit
830 1014 910 1070 aetas

146 1107 192 1173 Et
205 1103 316 1200 pelagi
333 1107 463 1202 patiens
479 1122 514 1176 et
529 1107 666 1178 cassidis
683 1122 784 1202 atque
801 1107 933 1203 ligonis.

146 1214 262 1283 Taedia
275 1230 356 1286 tunc
370 1216 518 1287 subeunt
530 1217 681 1304 auim0s3
700 1233 783 1288 tunc
800 1243 904 1313 seque
919 1235 1080 1314 suamque

143 1324 398 1420 Terpsichoren
413 1327 485 1396 odit
502 1327 647 1399 facunda
663 1345 699 1400 ct
715 1329 808 1399 nuda
822 1345 989 1399 senectus.
1193 1350 1226 1406 35

195 1435 322 1530 Accipe
340 1462 433 1508 nunc
449 1452 555 1526 artes,
572 1439 715 1533 nequid
732 1439 794 1508 tibi
812 1438 968 1508 conferat
983 1440 1064 1524 iste,

145 1545 259 1634 Quem
275 1545 374 1634 colis,
392 1563 428 1617 et
443 1550 621 1618 Musarum
637 1563 672 1617 et
685 1547 854 1642 Apollinis
870 1548 941 1617 aede
962 1548 1089 1619 relicta.

145 1658 225 1751 Ipse
240 1656 321 1728 facit
334 1683 469 1746 versus,
484 1675 585 1755 atque
600 1658 661 1729 uni
678 1658 769 1728 cedit
782 1662 934 1728 Homero

145 1767 292 1861 Propter
305 1767 397 1837 mille
412 1793 537 1857 aun0s3
553 1783 629 1855 aut,
646 1769 674 1836 si
689 1767 869 1837 dulcedine
883 1768 981 1837 famae

143 1879 334 1958 Succensus
351 1880 490 1967 recites,
507 1878 694 1950 maculosas
711 1879 906 1949 commodat
920 1879 1030 1949 aedes:
1191 1919 1225 1976 4⁰

143 1991 228 2060 Haec
242 1989 342 2085 longe
356 1990 482 2062 ferrata
499 1993 619 2061 domus
633 1991 762 2061 servire
776 1991 928 2085 jubetur,

143 2100 187 2166 In
199 2125 267 2194 qua
282 2100 440 2173 sollicitas
459 2102 612 2172 imitatur
623 2101 728 2194 janua
744 2116 869 2196 portas.

143 2322 310 2398 imaginem,
326 2335 429 2399 potes,
443 2323 580 2400 inquam,
593 2327 719 2383 calamos
729 2327 884 2400 frangere,
899 2337 928 2382 et
938 2325 1083 2383 bellorum
1095 2326 1226 2402 egregias

142 2411 373 2496 descriptiones,
386 2427 431 2474 tot
442 2417 549 2492 vigiliis
565 2418 731 2474 elaboratas
742 2419 850 2474 delere.
862 2417 944 2474 Nihil
956 2429 999 2475 est
1008 2419 1131 2475 omnino
1144 2420 1226 2494 quod

141 2518 252 2581 praeter
259 2505 382 2566 hederas
390 2520 420 2565 et
428 2509 585 2586 imaginem
594 2528 708 2584 speres;
720 2512 827 2581 nullus,
837 2529 924 2586 quem
933 2529 968 2568 ex
979 2510 1103 2568 eruditis
1112 2512 1225 2569 labori-

141 2599 200 2656 bua
212 2617 406 2676 consequare,
421 2602 543 2658 fructus.
558 2601 660 2658 Nostri
671 2600 792 2672 divites,
806 2602 838 2658 in
849 2603 957 2677 opibus
969 2601 1160 2678 congerendis
1173 2624 1225 2661 re-

143 2690 328 2767 tinendisque
337 2694 410 2763 toti,
424 2693 503 2751 viros
515 2695 685 2769 eloquentes
697 2712 732 2750 ac
743 2693 853 2768 peritos
864 2692 1060 2751 admiratione
1074 2713 1125 2751 sua
1138 2695 1225 2751 dum·

143 2794 224 2840 taxat
244 2801 352 2841 ornare
375 2785 572 2860 laudibusque
596 2797 724 2855 norunt,
747 2785 822 2841 sicut
843 2785 928 2860 pueri
947 2804 1093 2859 pavonem
1113 2790 1225 2845 lunoni

142 2887 345 2933 consecratum
356 2877 460 2933 solent.
475 2875 597 2933 Interim
609 2877 775 2932 conteritur
788 2877 819 2932 in
832 2876 989 2934 scribendo
999 2879 1065 2934 vitae
1078 2897 1145 2954 pars
1158 2899 1224 2937 me-

141 2967 218 3039 lior3
238 2967 301 3025 abit
316 2968 473 3044 juventus,
494 2988 558 3044 quae
576 2969 760 3045 navigando,
780 2970 953 3041 militando,
975 2970 1054 3047 agria
1075 2973 1221 3042 colendis,

142 3061 257 3120 utiliter
269 3062 398 3120 exerceri
408 3062 567 3137 potuisset3
582 3073 714 3119 senectus
728 3062 864 3137 obrepit,
878 3083 911 3120 ac
922 3063 1042 3121 demum
1055 3076 1142 3140 poeta
1153 3084 1223 3139 prae·

140 3153 335 3212 stantiasimua
357 3154 458 3231 inopia
480 3167 511 3212 et
530 3173 658 3212 moerore
676 3155 826 3213 conlectus
844 3175 876 3214 se
894 3174 929 3214 ac
948 3175 1014 3214 suas
1032 3159 1133 3220 Musas
1151 3157 1224 3215 diris

142 3246 278 3304 devovet.
541 3306 545 3316 ,

182 3337 231 3396 36.
253 3339 311 3398 Sed
326 3356 423 3413 opera
438 3339 565 3414 pretium
581 3350 625 3396 est
641 3338 893 3414 animadvertere,
908 3340 1016 3416 quibus
1029 3342 1140 3400 artibus
1154 3354 1223 3398 nta-

143 3442 192 3488 tur
203 3431 252 3489 ille
266 3431 347 3488 dives
360 3442 519 3507 patronus,
534 3450 623 3507 quem
634 3431 737 3489 relicto
749 3434 901 3489 Musarum
914 3433 1077 3508 Phoebique
1092 3434 1221 3507 templo,

142 3535 284 3600 tanquam
299 3543 408 3581 numen
421 3524 558 3599 Apolline
571 3524 760 3598 praesentius,
778 3522 900 3597 adoras,
915 3543 953 3580 ne
967 3525 1041 3600 quid
1057 3523 1158 3599 largiri
1170 3523 1223 3578 tibi

141 3627 274 3692 cogatur.
285 3617 351 3691 Ipse
361 3615 491 3673 earmina
503 3634 623 3691 quoque
635 3615 790 3690 producit,
803 3635 856 3674 nec
866 3629 983 3692 poetam
996 3619 1089 3673 ullum
1101 3633 1131 3673 se
1143 3635 1222 3690 prae-
1301 3669 1302 3672 ,

140 3708 313 3765 stantiorem
326 3721 428 3784 putat,
441 3708 498 3764 nisi
508 3709 585 3765 forte
595 3710 773 3780 Homerum,
787 3709 834 3765 cni
846 3711 972 3785 palmam
983 3707 1093 3766 idcirco
1108 3719 1222 3766 tanturn

142 3801 251 3873 delert,
266 3820 300 3860 ac
314 3803 444 3878 priorem
460 3804 571 3873 locum,
588 3801 671 3878 quod
684 3801 762 3858 mille
777 3802 861 3858 anuis
874 3802 1017 3861 vetustior
1030 3802 1077 3858 sit.
1097 3803 1178 3871 Jam,
1197 3803 1222 3859 si

141 3895 250 3952 samana
262 3896 294 3952 in
306 3897 411 3973 vulgus
426 3907 561 3971 captans,
581 3907 633 3952 tua
650 3895 778 3952 carmina
795 3894 911 3970 publice
925 3897 1047 3953 recitare
1062 3911 1156 3966 ames,
1173 3894 1222 3953 ille

141 3987 264 4063 quidem
274 3988 328 4045 tibi
339 3987 524 4046 commodare
535 3988 657 4046 domum
672 4006 733 4044 non
745 3988 932 4065 gravabitur,
949 4005 1066 4046 uname
1080 3987 1155 4058 suis,
1169 3987 1222 4044 sed

141 4081 306 4152 ruinosam,
326 4081 550 4157 desertamque,
570 4090 599 4138 et
611 4079 679 4137 ideo
693 4079 794 4137 ferreis
806 4079 951 4136 munitam
965 4078 1105 4149 claustris,
1124 4078 1221 4153 qualia

140 4171 278 4232 visuntur
296 4173 327 4231 in
349 4172 468 4232 urbium
481 4173 591 4250 portis,
611 4193 675 4250 quae
690 4173 820 4231 vicinum
834 4173 948 4232 hostem
964 4173 1055 4232 anxiae
1075 4180 1220 4230 metuunt.
