3130 4986
413 443 468 510 IN
494 441 724 511 sn'rmAM
752 447 999 514 TERTIAM.
1179 453 1239 540 173

200 549 268 604 lior.
288 551 333 606 ³2.
347 557 496 607 &mandam
508 556 608 607 eluviem
620 559 767 619 conducere,
783 558 835 613 hoc
846 571 902 626 eat,
916 561 1016 615 cloacae
1024 601 1032 627 ,
1051 578 1163 634 quarum
1177 581 1240 616 cura

167 633 229 686 elim
241 633 276 686 ad
288 653 432 703 censores,
445 650 472 691 et
481 649 584 710 putea,
597 639 648 690 cub
657 638 916 710 impmatoribur‚ad
925 655 1071 709 curatores,
1081 645 1241 716 pertinebat,

167 716 316 787 mandas
337 731 365 772 et
386 718 539 772 reficiendae
559 719 697 774 redimere.
717 721 788 775 Vide
806 724 1005 791 bumannum,
1032 726 1091 778 loco
1113 726 1239 792 laudato,

169 815 226 870 cap.
240 817 287 864 11,
302 817 365 873 pag.
381 802 439 869 198.
449 831 486 844 -
494 802 581 855 Verba
591 807 740 870 portandron
751 807 789 855 ad
800 809 869 856 busta
886 809 995 858 cadaver
1008 819 1078 860 recte
1091 808 1241 862 referuntur

169 880 202 933 ad
218 881 401 955 redemptores
418 884 540 938 sonuum
553 887 751 954 (designatores,
766 889 940 956 libitinarios),
953 891 998 961 qui
1012 890 1040 942 in
1052 892 1149 962 templo
1166 891 1240 944 Libi-

169 965 227 1018 une
244 979 403 1038 apparatum
421 969 605 1040 exaeqniarnm
617 967 782 1022 vendebant:
803 968 836 1022 de
848 970 944 1041 quibua
961 973 1015 1026 vid.
1031 973 1222 1028 Kirchmanurfi
1231 1015 1240 1044 ,

168 1047 202 1101 de
218 1049 369 1105 anerihue
385 1053 582 1117 Romanorum,
602 1051 634 1117 1,
653 1069 687 1118 9,
706 1070 765 1124 pag.
781 1051 814 1104 58
827 1069 881 1122 aeq.

203 1221 271 1268 Vn.
292 1221 335 1268 33.
348 1220 460 1269 Dominis
471 1221 590 1286 cnxpicari
601 1221 688 1284 poeria
702 1215 750 1268 sed
761 1219 858 1268 doctior
869 1230 906 1270 eet
916 1221 1011 1286 vulgata
1023 1223 1104 1272 lectio.

203 1311 271 1366 Nor.
292 1313 336 1368 33.
348 1315 428 1368 Hunc
437 1333 541 1368 nereum
554 1314 630 1366 multi
643 1314 762 1367 reserum
773 1313 806 1366 ad
817 1315 899 1381 capita
911 1333 1058 1383 servorum,
1070 1336 1129 1388 quae
1140 1322 1239 1372 venelia

168 1397 338 1466 erpoanerint
350 1397 473 1450 Artoriuo
490 1407 516 1450 et
527 1396 635 1450 Catulue
654 1415 661 1450 :
683 1415 742 1468 quae
759 1397 900 1467 negotiatio
919 1397 1079 1450 venalitiaria
1097 1398 1240 1455 admodum

168 1489 314 1549 quatum
326 1491 389 1532 erat.
402 1479 493 1544 Quum
507 1497 571 1532 rero
581 1478 615 1532 de
628 1479 780 1532 bominibue
790 1477 947 1545 ditioribus,
960 1479 1006 1550 qui
1019 1481 1153 1552 vectigalia
1167 1483 1240 1537 rede·

170 1560 283 1628 merim,
297 1560 350 1614 boc
363 1562 422 1614 loco
434 1577 521 1614 nermo
533 1563 584 1626 eit,
600 1559 757 1614 crediderim
772 1561 813 1613 hin
828 1561 916 1616 verbio
929 1579 981 1613 non
998 1560 1069 1633 ipeoe
1081 1579 1221 1635 mangones
1232 1608 1240 1632 ,

167 1662 213 1696 aen
231 1644 410 1697 venalitiarioe
429 1644 577 1716 designari,
596 1644 644 1697 aed
656 1643 833 1715 redemptores
850 1647 979 1712 uectigalis
999 1665 1077 1695 renem
1096 1650 1239 1713 menalion,

168 1726 239 1799 qnod
252 1727 407 1798 erigebatur
419 1746 469 1800 pro
481 1726 576 1792 reboo,
593 1744 652 1797 quie
664 1727 691 1779 in
706 1731 762 1778 foro
776 1729 843 1794 (nou
856 1746 915 1799 qua.
926 1728 1020 1800 olibi),
1034 1729 1076 1780 vel
1088 1731 1138 1782 rub
1148 1733 1237 1793 hara,

167 1811 273 1882 publice
288 1812 391 1883 perita,
407 1811 511 1866 venales
527 1823 618 1875 eram,
636 1829 690 1882 quo
700 1810 835 1882 precipue
849 1811 1014 1881 pertinebant
1030 1813 1176 1884 mancipia,
1193 1834 1238 1868 eeu

166 1893 246 1957 aerei,
255 1894 303 1968 qni
314 1894 423 1966 proprie
432 1897 538 1945 uenales
549 1911 595 1945 eeu
603 1894 721 1944 venalicii
726 1891 897 1956 vocabantur,
907 1903 932 1943 et
940 1893 1127 1946 coemebantur
1137 1915 1150 1946 a
1163 1914 1239 1950 vena·

167 1975 426 2042 linariicmtiternm
439 1995 483 2029 eoa
494 1974 645 2028 venderent.
657 1977 880 2045 Augnatuequum
893 1975 1004 2044 pecunia
1015 1987 1102 2046 egeret
1114 1975 1147 2030 ad
1158 1978 1238 2043 bella,

167 2071 192 2110 et
204 2072 350 2112 nocturno·
360 2060 452 2131 vigiles
465 2055 588 2123 alendos,
599 2057 709 2128 vectigal
716 2058 925 2126 quinquagesima
931 2060 1104 2126 mancipiorum
1112 2065 1238 2112 oenalinm

168 2143 280 2196 imtituit
291 2183 300 2210 ,
313 2156 379 2196 teate
388 2145 473 2197 Dione
483 2143 590 2208 Cereio,
605 2141 666 2208 LV,
680 2153 744 2193 extr.
760 2141 859 2206 Quinta
873 2153 898 2193 et
910 2141 1033 2194 riceaima
1047 2145 1238 2215 mancipiorum

169 2227 301 2280 vemlirrm
309 2266 318 2292 ,
327 2231 404 2299 cujue
415 2221 536 2293 Tacitus,
546 2225 687 2278 Annalium
697 2265 705 2290 ,
716 2222 802 2290 xm,
818 2225 861 2288 31,
873 2226 1032 2278 mentionem
1044 2228 1121 2292 iacit,
1134 2241 1238 2300 postea,

169 2311 292 2382 Caligula
303 2311 371 2364 sorte
379 2311 561 2384 temporibus,
573 2320 661 2362 exacta
674 2307 779 2362 videtur
788 2319 807 2358 ¹,
814 2338 851 2348 —
861 2310 938 2376 Caput
949 2308 999 2362 hoc
1010 2308 1069 2362 loco
1081 2310 1123 2362 vel
1132 2313 1239 2384 proprie

169 2391 279 2459 dicitur,
302 2393 362 2458 vel,
381 2405 411 2446 ut
430 2393 545 2466 partim,
565 2389 599 2444 de
616 2391 730 2444 hominia
749 2403 835 2456 statu,
848 2391 974 2444 libertatis
991 2410 1022 2444 no
1041 2393 1152 2446 civitatis
1162 2397 1238 2466 jure,

169 2489 246 2547 atque
258 2473 325 2528 adeo
338 2476 399 2529 vita.
407 2505 443 2516 —
452 2479 545 2536 Hmra,
561 2474 589 2527 in
604 2474 662 2526 loro
672 2473 756 2546 poaita
767 2513 774 2536 ,
786 2473 888 2543 iignum
900 2473 1028 2526 auctionis
1039 2474 1152 2545 publice
1162 2476 1239 2544 (sorte

169 2560 244 2611 etiam
254 2560 382 2632 privata,
395 2557 429 2612 de
447 2576 501 2630 quo
513 2556 568 2610 vid.
582 2555 719 2610 Dukerum
731 2552 765 2608 ad
778 2554 901 2620 Florum,
921 2576 981 2628 pag.
1001 2557 1085 2626 ³46);
1106 2558 1176 2612 unde
1195 2564 1239 2610 snb

169 2645 239 2694 basta
249 2647 361 2694 madere
375 2662 405 2696 ac
418 2645 518 2700 uenire,
532 2643 569 2692 ad
584 2641 680 2690 Metam
693 2642 786 2704 locare,
800 2641 959 2700 subintrare,
976 2653 1025 2693 etc.
1042 2645 1155 2692 Proebere
1169 2660 1242 2710 capue

169 2729 259 2777 mle
268 2729 314 2776 rub
326 2728 398 2776 laeta
405 2763 413 2787 ,
430 2737 476 2791 ut,
489 2721 561 2796 quod
571 2721 649 2776 Hein.
664 2733 752 2774 monet
762 2761 769 2787 ,
779 2723 916 2791 principum
932 2726 977 2774 sub
992 2725 1059 2774 civili
1068 2725 1140 2776 hasta
1157 2729 1238 2794 capita

167 2812 286 2870 venolio,
306 2806 378 2880 apud
394 2807 538 2872 Senecam
558 2804 593 2859 de
608 2805 670 2869 Ira,
684 2804 715 2871 Ι,
730 2823 754 2857 a.
769 2807 847 2854 Hasta
861 2808 972 2865 domina,
987 2803 1041 2857 vid.
1054 2805 1190 2858 Heineium
1204 2806 1239 2860 nd

168 2890 257 2943 Ovidii
268 2890 398 2963 Epistulae
409 2887 554 2954 Heroides,
569 2888 630 2955 111,
646 2906 715 2953 roo,
729 2899 755 2940 et
765 2887 895 2958 Wagrreri
907 2888 1109 2942 Observationes
1121 2892 1237 2964 catalogo

168 2971 309 3026 lectionum
328 2971 498 3037 hiemalium,
517 2967 652 3042 Morburg.
665 2989 725 3024 ann.
740 2969 823 3034 1815,
837 2972 994 3043 premiere,
1014 2991 1073 3044 pag.
1090 2979 1121 3036 i,
1142 2975 1173 3037 5,
1192 2977 1237 3028 ubi

169 3055 224 3110 boc
238 3057 379 3127 leguntur:
395 3049 512 3107 «Auctio
528 3071 633 3126 temper
652 3064 706 3105 erat
725 3051 843 3104 venditio
860 3053 983 3123 publica,
998 3072 1056 3124 quie
1068 3053 1140 3109 breta
1153 3057 1237 3129 potita

168 3157 215 3210 per
230 3157 380 3210 preconem
393 3137 489 3203 flebat,
503 3136 537 3187 ita
551 3149 581 3188 ut
593 3153 634 3187 ree
646 3135 670 3186 ei
683 3135 807 3207 aubjectre
820 3135 963 3206 plurimum
981 3134 1140 3192 licitantibue
1154 3159 1168 3191 a
1181 3158 1236 3192 ma·

168 3221 275 3293 pinnatae
286 3220 481 3276 addicerentur.
492 3217 555 3272 ilaec
568 3216 683 3271 addictio
694 3233 777 3287 quum
791 3233 843 3266 non
855 3215 905 3269 nini
916 3219 1022 3284 imperii,
1035 3237 1089 3290 quo
1103 3222 1237 3292 magistra.

168 3319 207 3359 tna
219 3305 265 3358 ille
275 3318 383 3358 ornatur
397 3315 470 3368 erat,
482 3303 509 3356 vi
520 3301 611 3368 fleret,
624 3301 746 3354 Tibullus
757 3342 765 3368 ,
780 3299 826 3366 11,
839 3307 871 3366 4,
888 3301 937 3366 54,
954 3301 1020 3355 dixit
1033 3324 1039 3356 :
1057 3307 1089 3356 ite
1101 3311 1145 3357 sub
1159 3310 1237 3376 impe·

167 3391 224 3440 n'um
239 3391 284 3442 snt
296 3389 452 3457 ciuiumque,
467 3389 557 3450 lares,
569 3386 637 3437 bona
650 3396 775 3456 paterna,
789 3384 917 3437 auctionis
931 3385 988 3456 lege
1001 3385 1146 3440 vendenda.
1157 3389 1235 3445 Hasta

168 3486 252 3526 autem
265 3491 349 3545 quum
363 3471 391 3524 in
403 3470 568 3524 auctionibus
581 3479 735 3539 poneretur,
751 3467 827 3537 eique
840 3466 1021 3520 venumdanda
1035 3471 1236 3543 cubjicerentur‚

168 3571 304 3632 propterea
318 3557 391 3630 quod
405 3557 478 3630 iper,
499 3555 601 3628 quoties
614 3555 704 3606 Rornae
717 3553 876 3625 perreliqua
892 3551 997 3625 imperii
1016 3567 1061 3606 aut
1074 3557 1236 3628 jurisdictio·

168 3645 222 3710 nia,
236 3641 304 3696 adeo
323 3656 349 3695 et
367 3640 502 3714 potentatie
519 3656 644 3702 nummio,
664 3648 840 3701 exerceretur,
860 3635 927 3706 rigni
943 3637 1112 3690 adhiberetur
1129 3640 1203 3703 loco,
1221 3663 1235 3694 a

108 3740 119 3761 ‘
167 3723 292 3779 turmale
309 3725 410 3776 domim
427 3721 580 3796 appellatur.
600 3719 699 3774 Confer
711 3717 864 3790 sigonium,
884 3716 918 3770 de
936 3720 1045 3791 antiquo
1066 3721 1130 3774 Jure
1142 3723 1235 3795 populi

588 3901 817 3924 mmmm

199 4031 209 4056 ¹
218 4023 276 4071 Vid.
293 4023 432 4070 Burmann.
447 4017 493 4067 loc.
508 4017 638 4080 lendorp.
650 4015 679 4076 ⁵,
723 4023 786 4064 nort
802 4012 866 4062 Edit.
886 4029 912 4077 p.
927 4013 991 4071 5133
1009 4013 1102 4074 anacii
1114 4013 1235 4065 Obeerra-

165 4119 214 4167 pag.
225 4103 350 4162 tte-763
364 4100 433 4163 upa.
446 4107 471 4146 et
480 4097 576 4145 Ernesti
589 4095 616 4143 in
626 4106 678 4144 not.
723 4093 869 4150 tionea,V1,
880 4091 1236 4156 283Fabeeart1aoeripuouer,

163 4193 185 4232 et
198 4185 299 4232 Excura.
315 4179 484 4237 adficimur,
497 4177 514 4224 1.
523 4193 545 4224 c.
555 4177 625 4224 Tora.
634 4175 681 4231 tv,
723 4189 776 4236 oap.
789 4188 818 4228 r,
832 4187 887 4234 pag.
897 4171 939 4219 36.
958 4171 1001 4218 Eo.
