<?xml version="1.0" encoding="UTF-8"?>
<!DOCTYPE html PUBLIC "-//W3C//DTD XHTML 1.0 Transitional//EN"
    "http://www.w3.org/TR/xhtml1/DTD/xhtml1-transitional.dtd">
<html xmlns="http://www.w3.org/1999/xhtml" xml:lang="en" lang="en">
 <head>
  <title>
</title>
<meta http-equiv="Content-Type" content="text/html;charset=utf-8" />
  <meta name='ocr-system' content='tesseract 3.04.00' />
  <meta name='ocr-capabilities' content='ocr_page ocr_carea ocr_par ocr_line ocrx_word'/>
</head>
<body>
  <div class='ocr_page' id='page_1' title='image "./sexdecimsatir01lemagoog_0653.png"; bbox 0 0 3122 4986; ppageno 0'>
   <div class='ocr_carea' id='block_1_1' title="bbox 314 417 1107 497">
    <p class='ocr_par' dir='ltr' id='par_1_1' title="bbox 314 417 1107 497">
     <span class='ocr_line' id='line_1_1' title="bbox 314 417 1107 497; baseline 0 -17"><span class='ocrx_word' id='word_1_1' title='bbox 314 419 377 497; x_wconf 74' lang='grc'><strong>634</strong></span> <span class='ocrx_word' id='word_1_2' title='bbox 585 422 627 485; x_wconf 89' lang='lat' dir='ltr'><strong>D.</strong></span> <span class='ocrx_word' id='word_1_3' title='bbox 656 417 794 484; x_wconf 86' lang='lat' dir='ltr'><strong>JUNll</strong></span> <span class='ocrx_word' id='word_1_4' title='bbox 823 417 1107 484; x_wconf 74' lang='lat' dir='ltr'><strong>tuvuttstls</strong></span> 
     </span>
    </p>
   </div>
   <div class='ocr_carea' id='block_1_2' title="bbox 311 534 1388 1831">
    <p class='ocr_par' dir='ltr' id='par_1_2' title="bbox 314 534 1089 628">
     <span class='ocr_line' id='line_1_2' title="bbox 314 534 1089 628; baseline 0 -26"><span class='ocrx_word' id='word_1_5' title='bbox 314 534 437 628; x_wconf 81' lang='lat' dir='ltr'>Incipit</span> <span class='ocrx_word' id='word_1_6' title='bbox 455 534 606 628; x_wconf 91' lang='lat' dir='ltr'><strong>ipsorum</strong></span> <span class='ocrx_word' id='word_1_7' title='bbox 621 549 739 604; x_wconf 89' lang='lat' dir='ltr'><strong>contra</strong></span> <span class='ocrx_word' id='word_1_8' title='bbox 753 548 788 604; x_wconf 91' lang='lat' dir='ltr'><strong>te</strong></span> <span class='ocrx_word' id='word_1_9' title='bbox 806 548 893 602; x_wconf 89' lang='lat' dir='ltr'><strong>stare</strong></span> <span class='ocrx_word' id='word_1_10' title='bbox 911 547 1089 626; x_wconf 83' lang='lat' dir='ltr'><strong>parentum</strong></span> 
     </span>
    </p>

    <p class='ocr_par' dir='ltr' id='par_1_3' title="bbox 313 639 1202 739">
     <span class='ocr_line' id='line_1_3' title="bbox 313 639 1202 739; baseline -0.002 -27"><span class='ocrx_word' id='word_1_11' title='bbox 313 641 499 729; x_wconf 79' lang='lat' dir='ltr'><strong>Nobilitas,</strong></span> <span class='ocrx_word' id='word_1_12' title='bbox 514 642 705 739; x_wconf 86' lang='lat' dir='ltr'><strong>olaramque</strong></span> <span class='ocrx_word' id='word_1_13' title='bbox 722 643 830 712; x_wconf 84' lang='lat' dir='ltr'><strong>lacem</strong></span> <span class='ocrx_word' id='word_1_14' title='bbox 847 641 1009 737; x_wconf 66' lang='lat' dir='ltr'><strong>praeferre</strong></span> <span class='ocrx_word' id='word_1_15' title='bbox 1023 639 1202 735; x_wconf 84' lang='lat' dir='ltr'><strong>pudendis.</strong></span> 
     </span>
    </p>

    <p class='ocr_par' dir='ltr' id='par_1_4' title="bbox 312 751 1385 847">
     <span class='ocr_line' id='line_1_4' title="bbox 312 751 1385 847; baseline 0.007 -29"><span class='ocrx_word' id='word_1_16' title='bbox 312 753 423 819; x_wconf 88' lang='lat' dir='ltr'>Omne</span> <span class='ocrx_word' id='word_1_17' title='bbox 441 752 545 821; x_wconf 88' lang='lat' dir='ltr'><strong>animi</strong></span> <span class='ocrx_word' id='word_1_18' title='bbox 561 753 679 822; x_wconf 89' lang='lat' dir='ltr'><strong>vitium</strong></span> <span class='ocrx_word' id='word_1_19' title='bbox 695 767 790 822; x_wconf 86' lang='lat' dir='ltr'><strong>tanto</strong></span> <span class='ocrx_word' id='word_1_20' title='bbox 807 752 1022 847; x_wconf 84' lang='lat' dir='ltr'><strong>conspectius</strong></span> <span class='ocrx_word' id='word_1_21' title='bbox 1036 751 1072 818; x_wconf 93' lang='lat' dir='ltr'><strong>in</strong></span> <span class='ocrx_word' id='word_1_22' title='bbox 1089 773 1125 820; x_wconf 88' lang='lat' dir='ltr'><strong>se</strong></span> <span class='ocrx_word' id='word_1_23' title='bbox 1336 770 1385 826; x_wconf 78' lang='lat' dir='ltr'><strong>rto</strong></span> 
     </span>
    </p>

    <p class='ocr_par' dir='ltr' id='par_1_5' title="bbox 312 857 1243 957">
     <span class='ocr_line' id='line_1_5' title="bbox 312 857 1243 957; baseline -0.005 -27"><span class='ocrx_word' id='word_1_24' title='bbox 312 862 450 930; x_wconf 81' lang='lat' dir='ltr'>Crimen</span> <span class='ocrx_word' id='word_1_25' title='bbox 463 861 580 951; x_wconf 88' lang='lat' dir='ltr'><strong>habet,</strong></span> <span class='ocrx_word' id='word_1_26' title='bbox 594 878 720 957; x_wconf 90' lang='lat' dir='ltr'><strong>quanto</strong></span> <span class='ocrx_word' id='word_1_27' title='bbox 735 864 854 956; x_wconf 86' lang='lat' dir='ltr'><strong>major,</strong></span> <span class='ocrx_word' id='word_1_28' title='bbox 869 862 927 955; x_wconf 81' lang='lat' dir='ltr'><strong>qui</strong></span> <span class='ocrx_word' id='word_1_29' title='bbox 941 875 1073 955; x_wconf 89' lang='lat' dir='ltr'><strong>peccat,</strong></span> <span class='ocrx_word' id='word_1_30' title='bbox 1088 857 1243 928; x_wconf 83' lang='lat' dir='ltr'><strong>habetur.</strong></span> 
     </span>
    </p>

    <p class='ocr_par' dir='ltr' id='par_1_6' title="bbox 311 968 1104 1066">
     <span class='ocr_line' id='line_1_6' title="bbox 311 968 1104 1066; baseline 0 -28"><span class='ocrx_word' id='word_1_31' title='bbox 311 971 390 1058; x_wconf 92' lang='lat' dir='ltr'><strong>Quo</strong></span> <span class='ocrx_word' id='word_1_32' title='bbox 405 973 487 1040; x_wconf 94' lang='lat' dir='ltr'><strong>mihi</strong></span> <span class='ocrx_word' id='word_1_33' title='bbox 505 987 539 1042; x_wconf 91' lang='lat' dir='ltr'><strong>te</strong></span> <span class='ocrx_word' id='word_1_34' title='bbox 553 972 689 1042; x_wconf 89' lang='lat' dir='ltr'><strong>solitum</strong></span> <span class='ocrx_word' id='word_1_35' title='bbox 703 973 800 1042; x_wconf 77' lang='lat' dir='ltr'><strong>falsas</strong></span> <span class='ocrx_word' id='word_1_36' title='bbox 815 974 950 1066; x_wconf 79' lang='lat' dir='ltr'><strong>signare</strong></span> <span class='ocrx_word' id='word_1_37' title='bbox 968 968 1104 1039; x_wconf 84' lang='lat' dir='ltr'><strong>tabellas</strong></span> 
     </span>
    </p>

    <p class='ocr_par' dir='ltr' id='par_1_7' title="bbox 312 1077 1212 1177">
     <span class='ocr_line' id='line_1_7' title="bbox 312 1077 1212 1177; baseline -0.002 -27"><span class='ocrx_word' id='word_1_38' title='bbox 312 1083 353 1150; x_wconf 96' lang='lat' dir='ltr'><strong>In</strong></span> <span class='ocrx_word' id='word_1_39' title='bbox 368 1081 515 1177; x_wconf 91' lang='lat' dir='ltr'><strong>templis,</strong></span> <span class='ocrx_word' id='word_1_40' title='bbox 532 1107 606 1176; x_wconf 81' lang='lat' dir='ltr'><strong>quae</strong></span> <span class='ocrx_word' id='word_1_41' title='bbox 620 1083 705 1154; x_wconf 84' lang='lat' dir='ltr'><strong>lecit</strong></span> <span class='ocrx_word' id='word_1_42' title='bbox 716 1109 817 1170; x_wconf 79' lang='lat' dir='ltr'><strong>avus,</strong></span> <span class='ocrx_word' id='word_1_43' title='bbox 835 1097 1047 1176; x_wconf 79' lang='lat' dir='ltr'><strong>statuamque</strong></span> <span class='ocrx_word' id='word_1_44' title='bbox 1061 1077 1212 1174; x_wconf 87' lang='lat' dir='ltr'><strong>parentis</strong></span> 
     </span>
    </p>

    <p class='ocr_par' dir='ltr' id='par_1_8' title="bbox 313 1185 1241 1286">
     <span class='ocr_line' id='line_1_8' title="bbox 313 1185 1241 1286; baseline -0.002 -30"><span class='ocrx_word' id='word_1_45' title='bbox 313 1191 401 1258; x_wconf 86' lang='lat' dir='ltr'><strong>Ante</strong></span> <span class='ocrx_word' id='word_1_46' title='bbox 418 1189 678 1285; x_wconf 80' lang='lat' dir='ltr'><strong>triumphalem?</strong></span> <span class='ocrx_word' id='word_1_47' title='bbox 694 1217 778 1286; x_wconf 90' lang='lat' dir='ltr'><strong>quo,</strong></span> <span class='ocrx_word' id='word_1_48' title='bbox 794 1192 821 1261; x_wconf 91' lang='lat' dir='ltr'><strong>si</strong></span> <span class='ocrx_word' id='word_1_49' title='bbox 837 1206 1025 1262; x_wconf 89' lang='lat' dir='ltr'><strong>nocturnus</strong></span> <span class='ocrx_word' id='word_1_50' title='bbox 1039 1185 1174 1258; x_wconf 76' lang='lat' dir='ltr'><strong>adulter</strong></span> <span class='ocrx_word' id='word_1_51' title='bbox 1238 1248 1241 1254; x_wconf 90' lang='lat'>.</span> 
     </span>
    </p>

    <p class='ocr_par' dir='ltr' id='par_1_9' title="bbox 313 1296 1388 1507">
     <span class='ocr_line' id='line_1_9' title="bbox 313 1296 1388 1396; baseline -0.002 -30"><span class='ocrx_word' id='word_1_52' title='bbox 313 1301 480 1392; x_wconf 84' lang='lat' dir='ltr'><strong>Tempora</strong></span> <span class='ocrx_word' id='word_1_53' title='bbox 496 1302 679 1371; x_wconf 79' lang='lat' dir='ltr'><strong>Santonico</strong></span> <span class='ocrx_word' id='word_1_54' title='bbox 695 1300 785 1371; x_wconf 88' lang='lat' dir='ltr'><strong>velas</strong></span> <span class='ocrx_word' id='word_1_55' title='bbox 801 1301 965 1396; x_wconf 81' lang='lat' dir='ltr'><strong>adoperta</strong></span> <span class='ocrx_word' id='word_1_56' title='bbox 979 1296 1133 1369; x_wconf 86' lang='lat' dir='ltr'><strong>cucullo?</strong></span> <span class='ocrx_word' id='word_1_57' title='bbox 1305 1332 1308 1343; x_wconf 68' lang='lat'>=</span> <span class='ocrx_word' id='word_1_58' title='bbox 1337 1311 1388 1376; x_wconf 64' lang='grc' dir='ltr'><strong>ηε</strong></span> 
     </span>
     <span class='ocr_line' id='line_1_10' title="bbox 361 1408 1178 1507; baseline -0.002 -29"><span class='ocrx_word' id='word_1_59' title='bbox 361 1411 490 1481; x_wconf 85' lang='lat' dir='ltr'><strong>Praeter</strong></span> <span class='ocrx_word' id='word_1_60' title='bbox 501 1412 669 1504; x_wconf 87' lang='lat' dir='ltr'><strong>majorum</strong></span> <span class='ocrx_word' id='word_1_61' title='bbox 683 1414 814 1483; x_wconf 86' lang='lat' dir='ltr'><strong>cineres</strong></span> <span class='ocrx_word' id='word_1_62' title='bbox 827 1429 929 1507; x_wconf 92' lang='lat' dir='ltr'><strong>atque</strong></span> <span class='ocrx_word' id='word_1_63' title='bbox 941 1435 1031 1497; x_wconf 86' lang='lat' dir='ltr'><strong>ossa,</strong></span> <span class='ocrx_word' id='word_1_64' title='bbox 1047 1408 1178 1480; x_wconf 89' lang='lat' dir='ltr'><strong>volucri</strong></span> 
     </span>
    </p>

    <p class='ocr_par' dir='ltr' id='par_1_10' title="bbox 312 1519 1181 1617">
     <span class='ocr_line' id='line_1_11' title="bbox 312 1519 1181 1617; baseline 0.002 -31"><span class='ocrx_word' id='word_1_65' title='bbox 312 1519 482 1614; x_wconf 90' lang='lat' dir='ltr'><strong>Carpento</strong></span> <span class='ocrx_word' id='word_1_66' title='bbox 497 1522 629 1616; x_wconf 85' lang='lat' dir='ltr'><strong>rapitur</strong></span> <span class='ocrx_word' id='word_1_67' title='bbox 641 1523 776 1617; x_wconf 83' lang='lat' dir='ltr'><strong>pinguis</strong></span> <span class='ocrx_word' id='word_1_68' title='bbox 791 1522 1031 1617; x_wconf 81' lang='lat' dir='ltr'><strong>Damasippus,</strong></span> <span class='ocrx_word' id='word_1_69' title='bbox 1044 1521 1181 1614; x_wconf 89' lang='lat' dir='ltr'><strong>etipse,</strong></span> 
     </span>
    </p>

    <p class='ocr_par' dir='ltr' id='par_1_11' title="bbox 312 1627 1186 1725">
     <span class='ocr_line' id='line_1_12' title="bbox 312 1627 1186 1725; baseline 0.003 -30"><span class='ocrx_word' id='word_1_70' title='bbox 312 1627 392 1721; x_wconf 90' lang='lat' dir='ltr'><strong>Ipse</strong></span> <span class='ocrx_word' id='word_1_71' title='bbox 407 1643 515 1697; x_wconf 89' lang='lat' dir='ltr'><strong>rotam</strong></span> <span class='ocrx_word' id='word_1_72' title='bbox 529 1629 710 1725; x_wconf 85' lang='lat' dir='ltr'><strong>adstringit</strong></span> <span class='ocrx_word' id='word_1_73' title='bbox 723 1630 831 1700; x_wconf 90' lang='lat' dir='ltr'><strong>multo</strong></span> <span class='ocrx_word' id='word_1_74' title='bbox 845 1631 1039 1704; x_wconf 86' lang='lat' dir='ltr'><strong>sufflamine</strong></span> <span class='ocrx_word' id='word_1_75' title='bbox 1053 1627 1186 1714; x_wconf 86' lang='lat' dir='ltr'><strong>consul;</strong></span> 
     </span>
    </p>

    <p class='ocr_par' dir='ltr' id='par_1_12' title="bbox 313 1737 1201 1831">
     <span class='ocr_line' id='line_1_13' title="bbox 313 1737 1201 1831; baseline -0.001 -25"><span class='ocrx_word' id='word_1_76' title='bbox 313 1737 424 1806; x_wconf 85' lang='lat' dir='ltr'><strong>Nocte</strong></span> <span class='ocrx_word' id='word_1_77' title='bbox 438 1737 593 1831; x_wconf 71' lang='lat' dir='ltr'><strong>quidem,</strong></span> <span class='ocrx_word' id='word_1_78' title='bbox 610 1741 669 1810; x_wconf 89' lang='lat' dir='ltr'><strong>sed</strong></span> <span class='ocrx_word' id='word_1_79' title='bbox 683 1740 764 1810; x_wconf 90' lang='lat' dir='ltr'><strong>luna</strong></span> <span class='ocrx_word' id='word_1_80' title='bbox 777 1740 887 1826; x_wconf 89' lang='lat' dir='ltr'><strong>videt,</strong></span> <span class='ocrx_word' id='word_1_81' title='bbox 903 1741 963 1810; x_wconf 89' lang='lat' dir='ltr'><strong>sed</strong></span> <span class='ocrx_word' id='word_1_82' title='bbox 977 1738 1087 1808; x_wconf 87' lang='lat' dir='ltr'><strong>sidera</strong></span> <span class='ocrx_word' id='word_1_83' title='bbox 1100 1753 1201 1808; x_wconf 89' lang='lat' dir='ltr'><strong>testes</strong></span> 
     </span>
    </p>
   </div>
   <div class='ocr_carea' id='block_1_3' title="bbox 312 1846 1385 2386">
    <p class='ocr_par' dir='ltr' id='par_1_13' title="bbox 312 1846 1385 2054">
     <span class='ocr_line' id='line_1_14' title="bbox 312 1846 1385 1944; baseline 0.006 -32"><span class='ocrx_word' id='word_1_84' title='bbox 312 1846 501 1917; x_wconf 90' lang='lat' dir='ltr'><strong>Intendunt</strong></span> <span class='ocrx_word' id='word_1_85' title='bbox 514 1847 641 1920; x_wconf 90' lang='lat' dir='ltr'><strong>oculos.</strong></span> <span class='ocrx_word' id='word_1_86' title='bbox 658 1849 810 1918; x_wconf 87' lang='lat' dir='ltr'><strong>Finitum</strong></span> <span class='ocrx_word' id='word_1_87' title='bbox 825 1864 957 1944; x_wconf 87' lang='lat' dir='ltr'><strong>tempus</strong></span> <span class='ocrx_word' id='word_1_88' title='bbox 971 1849 1113 1918; x_wconf 89' lang='lat' dir='ltr'><strong>honoris</strong></span> <span class='ocrx_word' id='word_1_89' title='bbox 1335 1859 1385 1912; x_wconf 77' lang='lat'><strong>1⁵0</strong></span> 
     </span>
     <span class='ocr_line' id='line_1_15' title="bbox 312 1955 1190 2054; baseline 0.001 -31"><span class='ocrx_word' id='word_1_90' title='bbox 312 1955 428 2043; x_wconf 88' lang='lat' dir='ltr'><strong>Quum</strong></span> <span class='ocrx_word' id='word_1_91' title='bbox 444 1955 564 2044; x_wconf 83' lang='lat' dir='ltr'><strong>luerit,</strong></span> <span class='ocrx_word' id='word_1_92' title='bbox 581 1957 670 2026; x_wconf 83' lang='lat' dir='ltr'><strong>claru</strong></span> <span class='ocrx_word' id='word_1_93' title='bbox 686 1958 911 2054; x_wconf 86' lang='lat' dir='ltr'><strong>Damasippus</strong></span> <span class='ocrx_word' id='word_1_94' title='bbox 927 1956 1002 2027; x_wconf 90' lang='lat' dir='ltr'><strong>luce</strong></span> <span class='ocrx_word' id='word_1_95' title='bbox 1019 1955 1190 2051; x_wconf 82' lang='lat' dir='ltr'><strong>flagellum</strong></span> 
     </span>
    </p>

    <p class='ocr_par' dir='ltr' id='par_1_14' title="bbox 312 2066 1197 2164">
     <span class='ocr_line' id='line_1_16' title="bbox 312 2066 1197 2164; baseline 0 -31"><span class='ocrx_word' id='word_1_96' title='bbox 312 2066 449 2154; x_wconf 86' lang='lat' dir='ltr'><strong>Sumet,</strong></span> <span class='ocrx_word' id='word_1_97' title='bbox 464 2082 499 2136; x_wconf 89' lang='lat' dir='ltr'><strong>et</strong></span> <span class='ocrx_word' id='word_1_98' title='bbox 512 2085 692 2138; x_wconf 87' lang='lat' dir='ltr'><strong>occursum</strong></span> <span class='ocrx_word' id='word_1_99' title='bbox 707 2093 882 2164; x_wconf 80' lang='lat' dir='ltr'><strong>nunquam</strong></span> <span class='ocrx_word' id='word_1_100' title='bbox 896 2069 1079 2164; x_wconf 81' lang='lat' dir='ltr'><strong>trepidabit</strong></span> <span class='ocrx_word' id='word_1_101' title='bbox 1094 2066 1197 2136; x_wconf 85' lang='lat' dir='ltr'><strong>amici</strong></span> 
     </span>
    </p>

    <p class='ocr_par' dir='ltr' id='par_1_15' title="bbox 312 2177 1237 2386">
     <span class='ocr_line' id='line_1_17' title="bbox 312 2177 1237 2278; baseline -0.002 -32"><span class='ocrx_word' id='word_1_102' title='bbox 312 2181 332 2246; x_wconf 89' lang='lat' dir='ltr'>J</span> <span class='ocrx_word' id='word_1_103' title='bbox 334 2203 389 2248; x_wconf 93' lang='lat' dir='ltr'><strong>am</strong></span> <span class='ocrx_word' id='word_1_104' title='bbox 404 2181 508 2268; x_wconf 87' lang='lat' dir='ltr'><strong>senis,</strong></span> <span class='ocrx_word' id='word_1_105' title='bbox 526 2205 564 2250; x_wconf 89' lang='lat' dir='ltr'><strong>ac</strong></span> <span class='ocrx_word' id='word_1_106' title='bbox 577 2183 674 2277; x_wconf 84' lang='lat' dir='ltr'><strong>virga</strong></span> <span class='ocrx_word' id='word_1_107' title='bbox 690 2183 784 2278; x_wconf 88' lang='lat' dir='ltr'><strong>prior</strong></span> <span class='ocrx_word' id='word_1_108' title='bbox 797 2183 938 2268; x_wconf 87' lang='lat' dir='ltr'><strong>adnuet,</strong></span> <span class='ocrx_word' id='word_1_109' title='bbox 955 2197 1056 2276; x_wconf 87' lang='lat' dir='ltr'><strong>atque</strong></span> <span class='ocrx_word' id='word_1_110' title='bbox 1070 2177 1237 2273; x_wconf 88' lang='lat' dir='ltr'><strong>maniplos</strong></span> 
     </span>
     <span class='ocr_line' id='line_1_18' title="bbox 313 2288 1100 2386; baseline -0.001 -30"><span class='ocrx_word' id='word_1_111' title='bbox 313 2288 446 2378; x_wconf 86' lang='lat' dir='ltr'><strong>Solvet,</strong></span> <span class='ocrx_word' id='word_1_112' title='bbox 461 2306 496 2359; x_wconf 93' lang='lat' dir='ltr'><strong>et</strong></span> <span class='ocrx_word' id='word_1_113' title='bbox 509 2290 668 2363; x_wconf 86' lang='lat' dir='ltr'><strong>infundet</strong></span> <span class='ocrx_word' id='word_1_114' title='bbox 679 2293 841 2386; x_wconf 88' lang='lat' dir='ltr'><strong>jumentis</strong></span> <span class='ocrx_word' id='word_1_115' title='bbox 854 2291 983 2361; x_wconf 88' lang='lat' dir='ltr'><strong>hordea</strong></span> <span class='ocrx_word' id='word_1_116' title='bbox 995 2291 1100 2357; x_wconf 88' lang='lat' dir='ltr'><strong>lassis.</strong></span> 
     </span>
    </p>
   </div>
   <div class='ocr_carea' id='block_1_4' title="bbox 312 2479 1385 3570">
    <p class='ocr_par' dir='ltr' id='par_1_16' title="bbox 312 2479 1385 3385">
     <span class='ocr_line' id='line_1_19' title="bbox 313 2479 1382 2558; baseline -0.001 -21"><span class='ocrx_word' id='word_1_117' title='bbox 313 2480 458 2553; x_wconf 76' lang='lat' dir='ltr'><strong>funderis,</strong></span> <span class='ocrx_word' id='word_1_118' title='bbox 481 2502 572 2558; x_wconf 59' lang='lat' dir='ltr'><strong>Qum</strong></span> <span class='ocrx_word' id='word_1_119' title='bbox 592 2479 738 2558; x_wconf 77' lang='lat' dir='ltr'><strong>defatigati</strong></span> <span class='ocrx_word' id='word_1_120' title='bbox 759 2490 827 2538; x_wconf 88' lang='lat' dir='ltr'><strong>sunt</strong></span> <span class='ocrx_word' id='word_1_121' title='bbox 845 2479 984 2538; x_wconf 82' lang='lat' dir='ltr'><strong>caedendo</strong></span> <span class='ocrx_word' id='word_1_122' title='bbox 1005 2481 1138 2550; x_wconf 82' lang='lat' dir='ltr'><strong>lictores,</strong></span> <span class='ocrx_word' id='word_1_123' title='bbox 1160 2491 1252 2553; x_wconf 59' lang='lat' dir='ltr'><strong>mam</strong></span> <span class='ocrx_word' id='word_1_124' title='bbox 1270 2495 1382 2536; x_wconf 70' lang='lat' dir='ltr'><strong>secum</strong></span> 
     </span>
     <span class='ocr_line' id='line_1_20' title="bbox 312 2565 1384 2646; baseline -0.002 -18"><span class='ocrx_word' id='word_1_125' title='bbox 312 2574 423 2631; x_wconf 81' lang='lat' dir='ltr'><strong>crebris</strong></span> <span class='ocrx_word' id='word_1_126' title='bbox 436 2565 540 2631; x_wconf 88' lang='lat' dir='ltr'><strong>ictibus</strong></span> <span class='ocrx_word' id='word_1_127' title='bbox 553 2575 709 2642; x_wconf 75' lang='lat' dir='ltr'><strong>hebetata,</strong></span> <span class='ocrx_word' id='word_1_128' title='bbox 726 2583 796 2630; x_wconf 83' lang='lat' dir='ltr'><strong>tunc</strong></span> <span class='ocrx_word' id='word_1_129' title='bbox 813 2571 915 2646; x_wconf 87' lang='lat' dir='ltr'><strong>incipit</strong></span> <span class='ocrx_word' id='word_1_130' title='bbox 928 2571 1040 2646; x_wconf 87' lang='lat' dir='ltr'><strong>probro</strong></span> <span class='ocrx_word' id='word_1_131' title='bbox 1055 2571 1110 2627; x_wconf 90' lang='lat' dir='ltr'><strong>tibi</strong></span> <span class='ocrx_word' id='word_1_132' title='bbox 1124 2587 1185 2627; x_wconf 78' lang='lat' dir='ltr'><strong>esse</strong></span> <span class='ocrx_word' id='word_1_133' title='bbox 1197 2587 1230 2626; x_wconf 86' lang='lat' dir='ltr'><strong>ac</strong></span> <span class='ocrx_word' id='word_1_134' title='bbox 1246 2567 1384 2626; x_wconf 83' lang='lat' dir='ltr'><strong>dedecori</strong></span> 
     </span>
     <span class='ocr_line' id='line_1_21' title="bbox 313 2659 1383 2741; baseline -0.002 -21"><span class='ocrx_word' id='word_1_135' title='bbox 313 2663 390 2722; x_wconf 74' lang='lat' dir='ltr'><strong>avita</strong></span> <span class='ocrx_word' id='word_1_136' title='bbox 402 2665 553 2737; x_wconf 83' lang='lat' dir='ltr'><strong>nobilitas,</strong></span> <span class='ocrx_word' id='word_1_137' title='bbox 566 2677 595 2722; x_wconf 94' lang='lat' dir='ltr'><strong>et</strong></span> <span class='ocrx_word' id='word_1_138' title='bbox 606 2664 687 2741; x_wconf 86' lang='lat' dir='ltr'><strong>quasi</strong></span> <span class='ocrx_word' id='word_1_139' title='bbox 699 2663 816 2721; x_wconf 82' lang='lat' dir='ltr'><strong>admota</strong></span> <span class='ocrx_word' id='word_1_140' title='bbox 828 2661 949 2739; x_wconf 84' lang='lat' dir='ltr'><strong>propius</strong></span> <span class='ocrx_word' id='word_1_141' title='bbox 961 2663 1037 2732; x_wconf 79' lang='lat' dir='ltr'><strong>face,</strong></span> <span class='ocrx_word' id='word_1_142' title='bbox 1053 2673 1101 2718; x_wconf 80' lang='lat' dir='ltr'><strong>tua</strong></span> <span class='ocrx_word' id='word_1_143' title='bbox 1115 2659 1222 2738; x_wconf 71' lang='lat' dir='ltr'><strong>flagitia</strong></span> <span class='ocrx_word' id='word_1_144' title='bbox 1232 2661 1308 2718; x_wconf 78' lang='lat' dir='ltr'><strong>clara</strong></span> <span class='ocrx_word' id='word_1_145' title='bbox 1317 2661 1383 2718; x_wconf 80' lang='lat' dir='ltr'><strong>tuoe</strong></span> 
     </span>
     <span class='ocr_line' id='line_1_22' title="bbox 313 2752 1381 2833; baseline -0.006 -19"><span class='ocrx_word' id='word_1_146' title='bbox 313 2757 457 2816; x_wconf 83' lang='lat' dir='ltr'><strong>illustrare</strong></span> <span class='ocrx_word' id='word_1_147' title='bbox 477 2778 484 2812; x_wconf 88' lang='lat'>:</span> <span class='ocrx_word' id='word_1_148' title='bbox 506 2777 542 2816; x_wconf 83' lang='lat' dir='ltr'><strong>eo</strong></span> <span class='ocrx_word' id='word_1_149' title='bbox 567 2757 675 2833; x_wconf 83' lang='lat' dir='ltr'><strong>quippe</strong></span> <span class='ocrx_word' id='word_1_150' title='bbox 696 2755 800 2813; x_wconf 87' lang='lat' dir='ltr'><strong>clarius</strong></span> <span class='ocrx_word' id='word_1_151' title='bbox 824 2765 943 2830; x_wconf 87' lang='lat' dir='ltr'><strong>apparet</strong></span> <span class='ocrx_word' id='word_1_152' title='bbox 963 2753 1120 2830; x_wconf 80' lang='lat' dir='ltr'><strong>quodlibet</strong></span> <span class='ocrx_word' id='word_1_153' title='bbox 1141 2752 1231 2810; x_wconf 85' lang='lat' dir='ltr'><strong>animi</strong></span> <span class='ocrx_word' id='word_1_154' title='bbox 1252 2753 1381 2810; x_wconf 81' lang='lat' dir='ltr'><strong>noceutis</strong></span> 
     </span>
     <span class='ocr_line' id='line_1_23' title="bbox 313 2845 1384 2926; baseline -0.006 -20"><span class='ocrx_word' id='word_1_155' title='bbox 313 2850 404 2906; x_wconf 74' lang='lat' dir='ltr'><strong>scelus</strong></span> <span class='ocrx_word' id='word_1_156' title='bbox 422 2861 509 2926; x_wconf 75' lang='lat' dir='ltr'><strong>atque</strong></span> <span class='ocrx_word' id='word_1_157' title='bbox 527 2859 634 2921; x_wconf 78' lang='lat' dir='ltr'><strong>exstat,</strong></span> <span class='ocrx_word' id='word_1_158' title='bbox 652 2868 711 2925; x_wconf 88' lang='lat' dir='ltr'><strong>quo</strong></span> <span class='ocrx_word' id='word_1_159' title='bbox 730 2849 835 2906; x_wconf 86' lang='lat' dir='ltr'><strong>clarior</strong></span> <span class='ocrx_word' id='word_1_160' title='bbox 852 2847 908 2904; x_wconf 88' lang='lat' dir='ltr'><strong>isa</strong></span> <span class='ocrx_word' id='word_1_161' title='bbox 926 2865 985 2921; x_wconf 90' lang='lat' dir='ltr'><strong>quo</strong></span> <span class='ocrx_word' id='word_1_162' title='bbox 1005 2845 1179 2917; x_wconf 84' lang='lat' dir='ltr'><strong>admittitur,</strong></span> <span class='ocrx_word' id='word_1_163' title='bbox 1196 2856 1226 2902; x_wconf 89' lang='lat' dir='ltr'><strong>et</strong></span> <span class='ocrx_word' id='word_1_164' title='bbox 1242 2845 1384 2902; x_wconf 79' lang='lat' dir='ltr'><strong>illustrior</strong></span> 
     </span>
     <span class='ocr_line' id='line_1_24' title="bbox 315 2937 1384 3014; baseline -0.001 -18"><span class='ocrx_word' id='word_1_165' title='bbox 315 2951 366 2996; x_wconf 84' lang='lat' dir='ltr'><strong>cst.</strong></span> <span class='ocrx_word' id='word_1_166' title='bbox 384 2941 443 3012; x_wconf 89' lang='lat' dir='ltr'><strong>Qui</strong></span> <span class='ocrx_word' id='word_1_167' title='bbox 464 2952 492 2998; x_wconf 90' lang='lat' dir='ltr'><strong>te</strong></span> <span class='ocrx_word' id='word_1_168' title='bbox 511 2941 584 2998; x_wconf 88' lang='lat' dir='ltr'><strong>mihi</strong></span> <span class='ocrx_word' id='word_1_169' title='bbox 598 2941 745 2998; x_wconf 89' lang='lat' dir='ltr'><strong>nobilibus</strong></span> <span class='ocrx_word' id='word_1_170' title='bbox 760 2952 858 2997; x_wconf 88' lang='lat' dir='ltr'><strong>ortum</strong></span> <span class='ocrx_word' id='word_1_171' title='bbox 872 2939 932 2997; x_wconf 80' lang='lat' dir='ltr'><strong>aris</strong></span> <span class='ocrx_word' id='word_1_172' title='bbox 949 2939 1100 3014; x_wconf 84' lang='lat' dir='ltr'><strong>praedicas,</strong></span> <span class='ocrx_word' id='word_1_173' title='bbox 1116 2949 1160 3010; x_wconf 86' lang='lat' dir='ltr'><strong>te,</strong></span> <span class='ocrx_word' id='word_1_174' title='bbox 1177 2939 1311 3014; x_wconf 84' lang='lat' dir='ltr'><strong>inquam,</strong></span> <span class='ocrx_word' id='word_1_175' title='bbox 1333 2937 1384 3012; x_wconf 89' lang='lat' dir='ltr'><strong>qui</strong></span> 
     </span>
     <span class='ocr_line' id='line_1_25' title="bbox 315 3026 1385 3108; baseline -0.004 -20"><span class='ocrx_word' id='word_1_176' title='bbox 315 3042 482 3088; x_wconf 85' lang='lat' dir='ltr'><strong>testamenta</strong></span> <span class='ocrx_word' id='word_1_177' title='bbox 496 3033 564 3090; x_wconf 81' lang='lat' dir='ltr'><strong>salsa</strong></span> <span class='ocrx_word' id='word_1_178' title='bbox 577 3031 730 3108; x_wconf 80' lang='lat' dir='ltr'><strong>obsignare</strong></span> <span class='ocrx_word' id='word_1_179' title='bbox 741 3032 843 3088; x_wconf 87' lang='lat' dir='ltr'><strong>solitus</strong></span> <span class='ocrx_word' id='word_1_180' title='bbox 855 3049 898 3099; x_wconf 84' lang='lat' dir='ltr'><strong>es,</strong></span> <span class='ocrx_word' id='word_1_181' title='bbox 912 3030 943 3085; x_wconf 87' lang='lat' dir='ltr'><strong>in</strong></span> <span class='ocrx_word' id='word_1_182' title='bbox 955 3029 989 3086; x_wconf 90' lang='lat' dir='ltr'><strong>iis</strong></span> <span class='ocrx_word' id='word_1_183' title='bbox 1001 3029 1071 3104; x_wconf 88' lang='lat' dir='ltr'><strong>ipsis</strong></span> <span class='ocrx_word' id='word_1_184' title='bbox 1085 3030 1197 3105; x_wconf 84' lang='lat' dir='ltr'><strong>templis</strong></span> <span class='ocrx_word' id='word_1_185' title='bbox 1208 3049 1272 3104; x_wconf 74' lang='lat' dir='ltr'><strong>quar</strong></span> <span class='ocrx_word' id='word_1_186' title='bbox 1281 3026 1329 3086; x_wconf 75' lang='lat' dir='ltr'><strong>uvi</strong></span> <span class='ocrx_word' id='word_1_187' title='bbox 1340 3027 1385 3084; x_wconf 88' lang='lat' dir='ltr'><strong>tui</strong></span> 
     </span>
     <span class='ocr_line' id='line_1_26' title="bbox 315 3120 1384 3198; baseline -0.003 -20"><span class='ocrx_word' id='word_1_188' title='bbox 315 3122 565 3196; x_wconf 58' lang='lat' dir='ltr'><strong>condiderimus</strong></span> <span class='ocrx_word' id='word_1_189' title='bbox 580 3134 782 3180; x_wconf 81' lang='lat' dir='ltr'><strong>antestatuam</strong></span> <span class='ocrx_word' id='word_1_190' title='bbox 798 3123 842 3180; x_wconf 91' lang='lat' dir='ltr'><strong>tui</strong></span> <span class='ocrx_word' id='word_1_191' title='bbox 859 3123 950 3198; x_wconf 86' lang='lat' dir='ltr'><strong>patris</strong></span> <span class='ocrx_word' id='word_1_192' title='bbox 962 3122 1187 3197; x_wconf 80' lang='lat' dir='ltr'><strong>triumphalem?</strong></span> <span class='ocrx_word' id='word_1_193' title='bbox 1205 3132 1249 3192; x_wconf 84' lang='lat' dir='ltr'><strong>ta,</strong></span> <span class='ocrx_word' id='word_1_194' title='bbox 1264 3120 1331 3196; x_wconf 87' lang='lat' dir='ltr'><strong>qui,</strong></span> <span class='ocrx_word' id='word_1_195' title='bbox 1349 3129 1384 3175; x_wconf 86' lang='lat' dir='ltr'><strong>ut</strong></span> 
     </span>
     <span class='ocr_line' id='line_1_27' title="bbox 313 3211 1378 3292; baseline -0.003 -20"><span class='ocrx_word' id='word_1_196' title='bbox 313 3214 473 3272; x_wconf 70' lang='lat' dir='ltr'><strong>loedimirnis</strong></span> <span class='ocrx_word' id='word_1_197' title='bbox 484 3217 682 3291; x_wconf 81' lang='lat' dir='ltr'><strong>voluptatibus</strong></span> <span class='ocrx_word' id='word_1_198' title='bbox 698 3216 864 3292; x_wconf 84' lang='lat' dir='ltr'><strong>indulgeas,</strong></span> <span class='ocrx_word' id='word_1_199' title='bbox 877 3215 1047 3289; x_wconf 82' lang='lat' dir='ltr'><strong>intempesta</strong></span> <span class='ocrx_word' id='word_1_200' title='bbox 1060 3225 1146 3271; x_wconf 88' lang='lat' dir='ltr'><strong>nocte</strong></span> <span class='ocrx_word' id='word_1_201' title='bbox 1158 3213 1274 3289; x_wconf 89' lang='lat' dir='ltr'><strong>prodis,</strong></span> <span class='ocrx_word' id='word_1_202' title='bbox 1287 3222 1316 3269; x_wconf 90' lang='lat' dir='ltr'><strong>et</strong></span> <span class='ocrx_word' id='word_1_203' title='bbox 1325 3211 1378 3268; x_wconf 84' lang='lat' dir='ltr'><strong>rili</strong></span> 
     </span>
     <span class='ocr_line' id='line_1_28' title="bbox 315 3306 1039 3385; baseline -0.001 -21"><span class='ocrx_word' id='word_1_204' title='bbox 315 3309 428 3366; x_wconf 87' lang='lat' dir='ltr'><strong>cucullo</strong></span> <span class='ocrx_word' id='word_1_205' title='bbox 440 3318 542 3384; x_wconf 87' lang='lat' dir='ltr'><strong>caput,</strong></span> <span class='ocrx_word' id='word_1_206' title='bbox 556 3327 593 3368; x_wconf 83' lang='lat' dir='ltr'><strong>ne</strong></span> <span class='ocrx_word' id='word_1_207' title='bbox 607 3310 671 3385; x_wconf 84' lang='lat' dir='ltr'><strong>quis</strong></span> <span class='ocrx_word' id='word_1_208' title='bbox 685 3322 714 3368; x_wconf 85' lang='lat' dir='ltr'><strong>te</strong></span> <span class='ocrx_word' id='word_1_209' title='bbox 724 3318 874 3385; x_wconf 81' lang='lat' dir='ltr'><strong>agnoscat,</strong></span> <span class='ocrx_word' id='word_1_210' title='bbox 885 3306 1039 3364; x_wconf 80' lang='lat' dir='ltr'><strong>obvolvist</strong></span> 
     </span>
    </p>

    <p class='ocr_par' dir='ltr' id='par_1_17' title="bbox 315 3396 1385 3570">
     <span class='ocr_line' id='line_1_29' title="bbox 359 3396 1385 3479; baseline -0.006 -21"><span class='ocrx_word' id='word_1_211' title='bbox 359 3399 424 3468; x_wconf 74' lang='lat'><strong>146.</strong></span> <span class='ocrx_word' id='word_1_212' title='bbox 441 3402 487 3458; x_wconf 88' lang='lat' dir='ltr'><strong>En</strong></span> <span class='ocrx_word' id='word_1_213' title='bbox 504 3402 609 3460; x_wconf 79' lang='lat' dir='ltr'><strong>obesus</strong></span> <span class='ocrx_word' id='word_1_214' title='bbox 624 3403 673 3459; x_wconf 88' lang='lat' dir='ltr'><strong>ille</strong></span> <span class='ocrx_word' id='word_1_215' title='bbox 693 3401 882 3476; x_wconf 83' lang='lat' dir='ltr'><strong>Damasippus</strong></span> <span class='ocrx_word' id='word_1_216' title='bbox 903 3401 1026 3458; x_wconf 86' lang='lat' dir='ltr'><strong>celerem</strong></span> <span class='ocrx_word' id='word_1_217' title='bbox 1045 3417 1164 3456; x_wconf 82' lang='lat' dir='ltr'><strong>curram</strong></span> <span class='ocrx_word' id='word_1_218' title='bbox 1182 3397 1319 3479; x_wconf 76' lang='lat' dir='ltr'><strong>agitatio</strong></span> <span class='ocrx_word' id='word_1_219' title='bbox 1335 3396 1385 3454; x_wconf 68' lang='grc' dir='ltr'><strong>νὴ</strong></span> 
     </span>
     <span class='ocr_line' id='line_1_30' title="bbox 315 3494 1385 3570; baseline -0.007 -17"><span class='ocrx_word' id='word_1_220' title='bbox 315 3513 403 3570; x_wconf 82' lang='lat' dir='ltr'><strong>quam</strong></span> <span class='ocrx_word' id='word_1_221' title='bbox 414 3495 556 3570; x_wconf 86' lang='lat' dir='ltr'><strong>majorum</strong></span> <span class='ocrx_word' id='word_1_222' title='bbox 568 3515 688 3555; x_wconf 81' lang='lat' dir='ltr'><strong>snorum</strong></span> <span class='ocrx_word' id='word_1_223' title='bbox 701 3495 819 3566; x_wconf 78' lang='lat' dir='ltr'><strong>tumuli,</strong></span> <span class='ocrx_word' id='word_1_224' title='bbox 833 3494 955 3564; x_wconf 87' lang='lat' dir='ltr'><strong>cineres,</strong></span> <span class='ocrx_word' id='word_1_225' title='bbox 969 3505 1000 3552; x_wconf 83' lang='lat' dir='ltr'><strong>et</strong></span> <span class='ocrx_word' id='word_1_226' title='bbox 1009 3503 1194 3552; x_wconf 81' lang='lat' dir='ltr'><strong>monumenta</strong></span> <span class='ocrx_word' id='word_1_227' title='bbox 1205 3499 1385 3567; x_wconf 70' lang='lat' dir='ltr'><strong>praetaunt5</strong></span> 
     </span>
    </p>
   </div>
   <div class='ocr_carea' id='block_1_5' title="bbox 314 3583 1515 3662">
    <p class='ocr_par' dir='ltr' id='par_1_18' title="bbox 314 3583 1515 3662">
     <span class='ocr_line' id='line_1_31' title="bbox 314 3583 1515 3662; baseline -0.003 -16"><span class='ocrx_word' id='word_1_228' title='bbox 314 3607 369 3646; x_wconf 86' lang='lat' dir='ltr'><strong>nec</strong></span> <span class='ocrx_word' id='word_1_229' title='bbox 379 3589 507 3662; x_wconf 82' lang='lat' dir='ltr'><strong>dubitat,</strong></span> <span class='ocrx_word' id='word_1_230' title='bbox 518 3589 585 3648; x_wconf 86' lang='lat' dir='ltr'><strong>licet</strong></span> <span class='ocrx_word' id='word_1_231' title='bbox 594 3589 632 3648; x_wconf 86' lang='lat' dir='ltr'><strong>sit</strong></span> <span class='ocrx_word' id='word_1_232' title='bbox 642 3591 831 3659; x_wconf 88' lang='lat' dir='ltr'><strong>cousul,non</strong></span> <span class='ocrx_word' id='word_1_233' title='bbox 840 3586 998 3659; x_wconf 84' lang='lat' dir='ltr'><strong>erubescit,</strong></span> <span class='ocrx_word' id='word_1_234' title='bbox 1009 3587 1144 3662; x_wconf 77' lang='lat' dir='ltr'><strong>inquam,</strong></span> <span class='ocrx_word' id='word_1_235' title='bbox 1158 3583 1385 3660; x_wconf 75' lang='lat' dir='ltr'><strong>rotasipsetorti</strong></span> <span class='ocrx_word' id='word_1_236' title='bbox 1475 3651 1484 3662; x_wconf 33' lang='grc' dir='ltr'>ι</span> <span class='ocrx_word' id='word_1_237' title='bbox 1504 3605 1515 3620; x_wconf 87' lang='grc'>·</span> 
     </span>
    </p>
   </div>
   <div class='ocr_carea' id='block_1_6' title="bbox 316 3677 1387 4222">
    <p class='ocr_par' dir='ltr' id='par_1_19' title="bbox 316 3677 1387 4222">
     <span class='ocr_line' id='line_1_32' title="bbox 316 3677 1387 3754; baseline -0.006 -16"><span class='ocrx_word' id='word_1_238' title='bbox 316 3682 476 3740; x_wconf 70' lang='lat' dir='ltr'><strong>numano</strong></span> <span class='ocrx_word' id='word_1_239' title='bbox 496 3682 649 3753; x_wconf 84' lang='lat' dir='ltr'><strong>cohihere,</strong></span> <span class='ocrx_word' id='word_1_240' title='bbox 673 3701 711 3739; x_wconf 86' lang='lat' dir='ltr'><strong>ne</strong></span> <span class='ocrx_word' id='word_1_241' title='bbox 735 3679 862 3739; x_wconf 85' lang='lat' dir='ltr'><strong>velocius</strong></span> <span class='ocrx_word' id='word_1_242' title='bbox 882 3680 1047 3736; x_wconf 80' lang='lat' dir='ltr'><strong>volvantur.</strong></span> <span class='ocrx_word' id='word_1_243' title='bbox 1071 3679 1168 3736; x_wconf 86' lang='lat' dir='ltr'><strong>Noctu</strong></span> <span class='ocrx_word' id='word_1_244' title='bbox 1187 3677 1307 3754; x_wconf 82' lang='lat' dir='ltr'><strong>quiden</strong></span> <span class='ocrx_word' id='word_1_245' title='bbox 1324 3677 1387 3732; x_wconf 70' lang='lat' dir='ltr'><strong>hac</strong></span> 
     </span>
     <span class='ocr_line' id='line_1_33' title="bbox 317 3769 1387 3846; baseline -0.003 -20"><span class='ocrx_word' id='word_1_246' title='bbox 317 3770 406 3844; x_wconf 79' lang='lat' dir='ltr'><strong>liant,</strong></span> <span class='ocrx_word' id='word_1_247' title='bbox 420 3775 530 3846; x_wconf 76' lang='lat' dir='ltr'><strong>fatcor3</strong></span> <span class='ocrx_word' id='word_1_248' title='bbox 541 3773 592 3832; x_wconf 89' lang='lat' dir='ltr'><strong>sed</strong></span> <span class='ocrx_word' id='word_1_249' title='bbox 605 3774 672 3832; x_wconf 82' lang='lat' dir='ltr'><strong>luna</strong></span> <span class='ocrx_word' id='word_1_250' title='bbox 686 3772 794 3844; x_wconf 81' lang='lat' dir='ltr'><strong>cernit,</strong></span> <span class='ocrx_word' id='word_1_251' title='bbox 806 3772 858 3830; x_wconf 81' lang='lat' dir='ltr'><strong>ssd</strong></span> <span class='ocrx_word' id='word_1_252' title='bbox 868 3782 952 3830; x_wconf 85' lang='lat' dir='ltr'><strong>testes</strong></span> <span class='ocrx_word' id='word_1_253' title='bbox 964 3771 1087 3828; x_wconf 89' lang='lat' dir='ltr'><strong>totidem</strong></span> <span class='ocrx_word' id='word_1_254' title='bbox 1095 3769 1214 3839; x_wconf 84' lang='lat' dir='ltr'><strong>oculati,</strong></span> <span class='ocrx_word' id='word_1_255' title='bbox 1227 3778 1301 3845; x_wconf 86' lang='lat' dir='ltr'><strong>quot</strong></span> <span class='ocrx_word' id='word_1_256' title='bbox 1309 3776 1387 3824; x_wconf 76' lang='lat' dir='ltr'><strong>astra</strong></span> 
     </span>
     <span class='ocr_line' id='line_1_34' title="bbox 316 3860 1386 3942; baseline -0.005 -23"><span class='ocrx_word' id='word_1_257' title='bbox 316 3875 393 3922; x_wconf 84' lang='lat' dir='ltr'><strong>sont.</strong></span> <span class='ocrx_word' id='word_1_258' title='bbox 402 3865 516 3924; x_wconf 78' lang='lat' dir='ltr'><strong>Abierit</strong></span> <span class='ocrx_word' id='word_1_259' title='bbox 526 3866 678 3924; x_wconf 76' lang='lat' dir='ltr'><strong>consulmu</strong></span> <span class='ocrx_word' id='word_1_260' title='bbox 688 3865 890 3942; x_wconf 82' lang='lat' dir='ltr'><strong>Damasippus,</strong></span> <span class='ocrx_word' id='word_1_261' title='bbox 899 3863 1058 3921; x_wconf 77' lang='lat' dir='ltr'><strong>meridiana</strong></span> <span class='ocrx_word' id='word_1_262' title='bbox 1068 3864 1237 3928; x_wconf 79' lang='lat' dir='ltr'><strong>lucesumet</strong></span> <span class='ocrx_word' id='word_1_263' title='bbox 1246 3860 1386 3916; x_wconf 81' lang='lat' dir='ltr'><strong>inmanus</strong></span> 
     </span>
     <span class='ocr_line' id='line_1_35' title="bbox 316 3951 1384 4033; baseline -0.005 -19"><span class='ocrx_word' id='word_1_264' title='bbox 316 3953 475 4032; x_wconf 71' lang='lat' dir='ltr'><strong>flagellum,</strong></span> <span class='ocrx_word' id='word_1_265' title='bbox 492 3973 546 4018; x_wconf 79' lang='lat' dir='ltr'><strong>neo</strong></span> <span class='ocrx_word' id='word_1_266' title='bbox 558 3957 651 4017; x_wconf 76' lang='lat' dir='ltr'><strong>amico</strong></span> <span class='ocrx_word' id='word_1_267' title='bbox 660 3957 721 4032; x_wconf 83' lang='lat' dir='ltr'><strong>jam</strong></span> <span class='ocrx_word' id='word_1_268' title='bbox 732 3957 795 4016; x_wconf 79' lang='lat' dir='ltr'><strong>seni</strong></span> <span class='ocrx_word' id='word_1_269' title='bbox 808 3973 961 4022; x_wconf 65' lang='lat' dir='ltr'><strong>onomate</strong></span> <span class='ocrx_word' id='word_1_270' title='bbox 976 3955 1083 4033; x_wconf 64' lang='lat' dir='ltr'><strong>logion</strong></span> <span class='ocrx_word' id='word_1_271' title='bbox 1103 3955 1194 4014; x_wconf 78' lang='lat' dir='ltr'><strong>immo</strong></span> <span class='ocrx_word' id='word_1_272' title='bbox 1208 3951 1322 4031; x_wconf 74' lang='lat' dir='ltr'><strong>flagello</strong></span> <span class='ocrx_word' id='word_1_273' title='bbox 1333 3967 1384 4006; x_wconf 85' lang='lat' dir='ltr'><strong>co-</strong></span> 
     </span>
     <span class='ocr_line' id='line_1_36' title="bbox 316 4042 1386 4128; baseline -0.006 -22"><span class='ocrx_word' id='word_1_274' title='bbox 316 4047 402 4106; x_wconf 75' lang='lat' dir='ltr'><strong>miter</strong></span> <span class='ocrx_word' id='word_1_275' title='bbox 414 4049 551 4110; x_wconf 72' lang='lat' dir='ltr'><strong>broliuato</strong></span> <span class='ocrx_word' id='word_1_276' title='bbox 565 4050 687 4109; x_wconf 78' lang='lat' dir='ltr'><strong>obvium</strong></span> <span class='ocrx_word' id='word_1_277' title='bbox 700 4051 850 4123; x_wconf 55' lang='lat' dir='ltr'><strong>salabbim</strong></span> <span class='ocrx_word' id='word_1_278' title='bbox 869 4050 930 4128; x_wconf 88' lang='lat' dir='ltr'><strong>ipsc</strong></span> <span class='ocrx_word' id='word_1_279' title='bbox 945 4049 1003 4108; x_wconf 81' lang='lat' dir='ltr'><strong>teni</strong></span> <span class='ocrx_word' id='word_1_280' title='bbox 1015 4049 1163 4108; x_wconf 58' lang='lat' dir='ltr'><strong>funiculos</strong></span> <span class='ocrx_word' id='word_1_281' title='bbox 1177 4049 1291 4106; x_wconf 81' lang='lat' dir='ltr'><strong>solvens</strong></span> <span class='ocrx_word' id='word_1_282' title='bbox 1302 4042 1386 4118; x_wconf 61' lang='lat' dir='ltr'><strong>aqum</strong></span> 
     </span>
     <span class='ocr_line' id='line_1_37' title="bbox 317 4134 1386 4222; baseline -0.003 -22"><span class='ocrx_word' id='word_1_283' title='bbox 317 4139 477 4220; x_wconf 67' lang='lat' dir='ltr'><strong>defatigatis</strong></span> <span class='ocrx_word' id='word_1_284' title='bbox 490 4153 577 4220; x_wconf 82' lang='lat' dir='ltr'><strong>atque</strong></span> <span class='ocrx_word' id='word_1_285' title='bbox 591 4145 734 4206; x_wconf 83' lang='lat' dir='ltr'><strong>hordeum</strong></span> <span class='ocrx_word' id='word_1_286' title='bbox 747 4155 891 4222; x_wconf 85' lang='lat' dir='ltr'><strong>apponet:</strong></span> <span class='ocrx_word' id='word_1_287' title='bbox 904 4143 1048 4220; x_wconf 84' lang='lat' dir='ltr'><strong>dumque,</strong></span> <span class='ocrx_word' id='word_1_288' title='bbox 1072 4142 1208 4218; x_wconf 77' lang='lat' dir='ltr'><strong>pietatem</strong></span> <span class='ocrx_word' id='word_1_289' title='bbox 1227 4141 1323 4199; x_wconf 77' lang='lat' dir='ltr'><strong>uumae</strong></span> <span class='ocrx_word' id='word_1_290' title='bbox 1342 4134 1386 4190; x_wconf 73' lang='lat' dir='ltr'><strong>si-</strong></span> 
     </span>
    </p>
   </div>
   <div class='ocr_carea' id='block_1_7' title="bbox 0 0 1569 4986">
    <p class='ocr_par' dir='ltr' id='par_1_20' title="bbox 0 0 1569 4986">
     <span class='ocr_line' id='line_1_38' title="bbox 0 0 1569 4986; baseline 0 0"><span class='ocrx_word' id='word_1_291' title='bbox 0 0 1569 4986; x_wconf 95' lang='lat' dir='ltr'><strong> </strong></span> 
     </span>
    </p>
   </div>
  </div>
 </body>
</html>
