3130 4986
337 457 397 525 172
481 437 652 506 VARIAE
683 440 975 506 LEC'l'IONES
1003 442 1067 506 ΕΤ
1096 443 1251 508 NOTAE

370 557 436 604 Vaa.
455 558 497 605 io.
510 557 605 618 Catuli,
620 573 662 612 at,
673 574 687 605 a
698 574 731 606 ru.
742 574 834 606 sec-
843 559 935 625 Nigra,
951 562 1002 610 MS.
1013 561 1177 610 Seriverit.-
1188 563 1302 623 Verrunt,
1314 571 1354 619 ιι,

365 646 433 700 Nur.
454 647 497 702 30.
518 653 597 718 Mgm
614 652 639 700 in
656 652 781 713 candido,
800 650 861 705 faba
882 653 909 704 in
923 671 1002 720 vera,
1025 653 1087 706 vitia
1105 653 1133 706 in
1150 653 1259 706 virtutes
1276 667 1397 704 verume:

330 731 428 784 confer.
439 733 569 799 Ovidius,
580 735 686 788 Metam.
700 735 759 803 x1,
774 734 924 789 313-315.

364 914 430 960 Van.
450 915 490 961 31.
509 914 568 979 Quis
584 931 630 980 pro
646 915 718 980 Queis
734 916 830 980 scripsi.
842 915 901 965 Vid.
915 917 989 965 Drak.
1006 918 1037 966 ad
1050 919 1092 966 Sil.
1104 921 1131 979 1,
1148 928 1194 977 143
1213 917 1353 966 Broukbus.
1365 918 1398 966 ad

330 996 404 1060 l'rop.
417 1000 456 1055 11,
468 1013 516 1056 ιο,
528 1007 569 1058 47,
582 1010 605 1046 et
619 999 725 1066 interpp.
735 1016 742 1058 ;
754 1000 822 1063 Virg.
832 999 928 1048 AEneid.
940 1002 966 1058 l,
980 1000 1022 1063 95.
1031 1027 1066 1038 -
1076 999 1159 1058 AEdes,
1175 1001 1222 1058 26,
1235 1011 1260 1047 et
1269 1000 1302 1048 ita
1314 1001 1398 1064 legen-

330 1077 402 1137 dnm,
421 1080 442 1126 si
458 1083 621 1143 grammaticis
637 1081 699 1131 fides
716 1081 844 1142 habenda,
858 1083 900 1146 qui
914 1082 1017 1143 docent,
1030 1085 1107 1132 erdem
1119 1094 1259 1132 constanter
1271 1083 1320 1131 diei
1333 1094 1397 1132 tam·

329 1164 398 1226 plum
411 1163 572 1214 edificiorum
584 1177 702 1215 sacratum
714 1178 757 1216 ant
767 1167 952 1232 inaugnratum;
964 1167 1029 1215 oedes
1039 1182 1098 1215 vero
1110 1168 1210 1216 domurn
1220 1167 1348 1232 privatam.
1362 1169 1398 1217 lis

329 1246 506 1310 adstipulantur
515 1250 617 1296 Gesner.
626 1250 653 1296 in
659 1249 745 1310 Thes,
756 1261 781 1298 et
788 1249 865 1299 Bentl.
876 1251 907 1298 ad
918 1252 1003 1299 Horat.
1014 1251 1089 1316 Epiat.
1099 1253 1139 1310 11,
1150 1268 1180 1310 a,
1192 1265 1225 1314 po
1238 1251 1293 1316 (qui
1306 1265 1396 1316 magno

329 1330 475 1379 eruditionis
488 1343 605 1398 apparatu
616 1333 665 1382 boc
678 1334 811 1383 discrimen
821 1344 930 1393 tuentur,
942 1333 1010 1398 qnod
1022 1335 1095 1382 etiam
1109 1333 1246 1382 observavit
1262 1345 1334 1399 poeta
1346 1351 1395 1384 no·

329 1422 379 1461 ater
387 1415 451 1473 vu,
466 1415 507 1476 37,
520 1426 545 1462 et
555 1415 612 1480 40);
626 1433 673 1465 nec
683 1433 736 1466 non
747 1416 882 1466 Ruhnken.
894 1417 925 1465 ad
934 1415 1021 1466 Vellei.
1031 1420 1059 1478 1,
1073 1434 1113 1476 ιι,
1126 1428 1151 1465 et
1161 1418 1233 1466 llein.
1244 1418 1287 1482 qni
1299 1429 1397 1480 monet,

330 1496 408 1544 cedem
419 1497 467 1546 hoc
481 1497 536 1547 loco
549 1500 622 1548 etiarn
636 1499 666 1548 de
680 1500 772 1563 templo
784 1499 861 1564 accipi
874 1515 960 1564 posse,
972 1500 1034 1548 etin
1045 1516 1112 1548 nuni.
1123 1500 1185 1564 sing.
1197 1501 1298 1564 proprie
1309 1501 1397 1550 cellam

285 1625 291 1634 ,
331 1579 393 1640 dici,
404 1590 443 1641 et,
451 1582 508 1644 qnia
518 1583 621 1632 deorum
631 1583 721 1648 templa
729 1583 836 1648 primurn
847 1597 896 1630 una
908 1593 1001 1631 tanturn
1012 1583 1069 1631 cella
1082 1583 1250 1642 constiterint,
1259 1583 1309 1632 buc
1319 1595 1398 1633 uane-

295 1697 298 1704 .
329 1663 402 1710 latam
414 1680 466 1712 esse
476 1665 689 1730 significationem.
697 1667 767 1715 illins
777 1677 858 1714 umen
866 1665 1016 1715 discriminis
1024 1683 1076 1715 non
1085 1683 1182 1732 semper
1192 1668 1311 1716 rationem
1322 1668 1397 1716 inisse

330 1744 453 1808 habitam,
471 1763 502 1795 ne
519 1766 532 1796 a
546 1749 707 1814 scriptoribus
719 1748 820 1814 quidem
830 1748 906 1798 seculi
918 1749 1053 1815 Augustei,
1066 1749 1220 1799 contendunt
1230 1750 1287 1800 sani
1299 1761 1324 1799 et
1335 1751 1397 1800 Mit-

331 1828 418 1878 seheri.
431 1832 462 1879 ad
473 1835 574 1894 Horat,
588 1835 615 1892 1,
631 1835 679 1894 30,
693 1841 716 1890 4.

367 1921 435 1974 Νοι.
461 1923 491 1976 3ι
505 1943 560 1997 seq.
579 1925 754 1998 Designantur
764 1925 883 1980 homines
895 1925 1008 1980 sordidae
1019 1925 1082 1980 olim
1092 1924 1248 1978 conditionis
1257 1965 1265 1991 ,
1277 1926 1324 1997 qui
1333 1923 1397 1980 red·

331 2008 457 2080 empturis
469 2022 597 2062 auxerunt
608 2012 781 2083 patrimonia,
798 2011 858 2064 Liv.
871 2010 917 2063 lib.
930 2011 1042 2076 xxm,
1054 2011 1101 2076 48,
1115 2011 1157 2064 vel
1168 2009 1216 2062 alia
1229 2027 1397 2082 quacumque

330 2089 373 2141 vin
385 2088 419 2142 ad
429 2102 512 2146 tantas
522 2111 585 2165 opes
595 2094 713 2166 provecti
724 2107 800 2158 sunt,
813 2105 842 2145 ut
854 2113 925 2147 nunc
935 2094 1069 2167 publicani
1081 2104 1126 2146 aut
1136 2103 1206 2146 certe
1218 2092 1397 2165 redemptores

330 2191 385 2225 esse
397 2175 505 2244 possint.
520 2205 556 2215 -
572 2175 721 2237 Candacen,
736 2176 858 2230 hocloco
871 2176 942 2231 idem
955 2177 1028 2250 quod
1041 2176 1186 2240 redimere,
1199 2175 1242 2228 cui
1253 2179 1335 2227 locare
1345 2194 1395 2247 op·

329 2255 445 2327 ponitur.
463 2258 552 2311 Romu
568 2277 621 2312 non
639 2259 719 2312 modo
736 2261 878 2333 pleraque,
898 2278 956 2331 quse
974 2259 1098 2332 publico,
1116 2256 1163 2310 sed
1182 2269 1208 2309 et
1219 2257 1317 2323 multa,
1335 2275 1397 2329 que

328 2340 432 2412 privato
443 2353 550 2413 sumptu
560 2343 775 2414 perficiebantur,
784 2362 863 2416 opera
871 2355 896 2395 et
906 2342 1025 2406 aedificia,
1034 2342 1076 2395 vel
1085 2338 1250 2405 exstruenda,
1260 2340 1302 2392 vel
1310 2357 1397 2393 reur-

329 2424 421 2477 cienda
434 2428 523 2487 locari,
537 2426 588 2479 boc
599 2439 654 2492 est,
668 2427 827 2500 redemptori
841 2427 981 2482 minimum
993 2424 1111 2498 poscenti
1124 2422 1211 2476 addici
1224 2422 1358 2488 solebant,
1370 2433 1397 2474 et

329 2508 436 2581 quidem
455 2509 498 2562 illa
519 2510 574 2563 sere
592 2531 606 2562 a
620 2513 772 2566 censoribus
788 2511 973 2582 udilibnsque,
995 2508 1080 2562 baca
1098 2507 1207 2580 privatis
1224 2505 1394 2573 bominibus;

328 2595 432 2643 wedrici
440 2610 503 2644 vero
515 2593 557 2644 vel
567 2595 654 2644 redimi
663 2594 696 2645 ab
710 2593 753 2658 iia,
764 2593 810 2665 qui
823 2611 852 2645 ea
863 2591 977 2645 curanda
989 2589 1176 2662 suscipiebant,
1188 2601 1213 2641 et
1224 2591 1394 2655 redemptores,

328 2677 492 2732 conductores,
505 2677 627 2743 mancipes
636 2677 841 2744 (entrepreneurs)
851 2673 1020 2727 vocabantur.
1032 2671 1183 2738 Publiceni,
1193 2669 1313 2723 homiues
1322 2667 1397 2722 ditis·

327 2755 404 2822 simi,
421 2756 467 2827 qni
478 2756 633 2829 plerumque
647 2757 746 2828 equites
758 2768 847 2822 erant,
858 2754 963 2827 publica
974 2754 1127 2826 vectigalis,
1138 2753 1309 2825 arripnit-am,
1323 2750 1397 2803 dcci·

327 2857 382 2892 mas
396 2849 422 2891 et
432 2840 595 2911 portorium,
608 2838 772 2892 redimebant
782 2859 789 2904 3
802 2837 873 2890 unde
884 2836 1047 2909 scripturarii
1057 2877 1065 2902 ,
1076 2854 1122 2888 seu
1134 2833 1266 2907 pecuarii,
1278 2845 1304 2884 et
1312 2831 1396 2885 decu·

328 2923 399 2975 mani
408 2921 565 2976 dicebantur
579 2941 585 2975 :
604 2922 652 2976 sed
663 2923 744 2978 iidem
755 2941 861 2994 quoqne
870 2940 940 2994 saepe
950 2919 1128 2993 redemptores
1141 2931 1214 2972 erant
1228 2917 1332 2970 aedilicii
1345 2917 1395 2968 ali·

272 3021 279 3038 ⁰
329 3009 419 3077 cujus,
433 3018 478 3058 aut
489 3006 577 3078 operia
590 3007 707 3079 publici,
724 3007 785 3061 licet
803 3025 846 3059 eos
859 3006 932 3058 nullo
943 3005 1022 3058 modo
1033 3004 1078 3058 bic
1093 3001 1272 3074 intelligaadoa
1282 3001 1395 3054 voluerit

328 3089 467 3140 Aeliaintre.
486 3088 530 3140 Ob
550 3085 686 3162 idipsum
706 3088 778 3161 quod
802 3089 895 3142 divites
917 3101 1006 3154 erant,
1032 3105 1141 3162 operum
1162 3083 1394 3139 conducendorum

327 3173 481 3240 (entreprises
494 3191 528 3222 au
539 3174 633 3240 rubeis)
646 3173 782 3244 provincia
795 3171 858 3244 ipsis
871 3171 1089 3224 committebatur.
1103 3169 1196 3222 En.-
1205 3171 1273 3235 Quis,
1286 3167 1393 3240 quibua,

321 3256 404 3323 facile
414 3267 451 3304 est
458 3267 566 3326 propter
574 3253 694 3321 divitias,
707 3255 827 3307 astutiam
835 3294 842 3319 ,
856 3254 994 3309 blanditias
1005 3267 1030 3307 et
1041 3253 1119 3306 dona.
1127 3283 1163 3294 -
1171 3254 1307 3305 Oondueere
1316 3253 1394 3303 adem

328 3337 370 3392 rel
380 3356 498 3403 sacram,
515 3338 556 3390 vel
572 3337 725 3409 publicem,
739 3337 781 3389 vel
796 3339 874 3390 etiam
888 3338 1033 3410 privatam,
1051 3336 1151 3389 scilicet
1169 3333 1330 3400 taciendam,
1348 3353 1395 3386 ex·

327 3419 478 3475 struendam
488 3461 496 3487 ‚
511 3421 553 3474 nel
563 3420 730 3475 reficiendam
740 3461 748 3487 ,
761 3433 790 3472 ut
799 3436 883 3489 ponus
893 3423 1043 3492 etflurnina,
1058 3420 1156 3474 scilicet
1166 3417 1309 3492 purganda.
1325 3419 1395 3472 Cen·

326 3523 398 3558 screa
408 3517 475 3557 sarta
485 3505 622 3576 exigebant
633 3517 716 3569 tecta,
733 3516 758 3557 et
772 3523 852 3577 opera
864 3505 947 3558 locata
958 3503 1112 3575 probabant.
1123 3531 1159 3544 -·
1168 3505 1294 3562 Flumina,
1307 3501 1395 3552 alveos

327 3587 482 3650 fluminum,
493 3588 599 3661 inprim.
611 3587 733 3654 Tiberis,
747 3587 895 3660 purgandos
907 3607 914 3641 :
927 3588 978 3641 nisi
989 3586 1046 3640 baec
1057 3605 1108 3640 vox
1120 3597 1219 3658 spectat
1230 3582 1263 3637 ad
1274 3585 1396 3657 piscatio-

327 3689 405 3737 nem,
422 3670 464 3723 vel
479 3689 513 3724 ua
530 3672 717 3744 piscatorium,
732 3672 832 3743 dequo
844 3670 899 3725 vid.
910 3672 1024 3726 Festum.
1037 3671 1081 3726 Sic
1098 3683 1124 3724 et
1134 3670 1205 3724 lacus
1216 3689 1230 3722 a
1244 3669 1396 3723 censoribus

327 3756 408 3808 locari
419 3754 536 3808 solebant
545 3768 655 3828 propter
667 3757 837 3827 piscationem
849 3797 856 3823 ,
870 3757 918 3829 qui
929 3757 1028 3811 fructus
1040 3775 1131 3809 eorum
1141 3767 1186 3808 est.
1196 3753 1258 3808 Vid.
1269 3753 1396 3806 Burman·

327 3855 408 3904 num,
422 3836 456 3890 de
467 3837 646 3908 vectigalibus
659 3839 751 3910 populi
766 3838 895 3904 Romani,
909 3857 965 3910 cap.
980 3857 1011 3906 1,
1029 3858 1088 3912 pag.
1104 3856 1146 3892 ιο.
1155 3842 1286 3888 -Portus
1299 3835 1397 3888 lacien-

327 3920 389 3987 dos,
401 3921 442 3976 vel
455 3920 625 3988 reficiendos,
640 3921 682 3975 vel
694 3921 862 3995 purgandos:
875 3922 927 3976 nisi
940 3941 1033 3994 capere
1045 3921 1120 3976 malis
1132 3920 1166 3974 de
1174 3921 1295 3990 portorio,
1310 3919 1395 3972 vecti-

328 4005 396 4075 gali,
409 4004 480 4076 quod
494 4023 525 4058 ea
539 4006 668 4078 portubus
681 4007 762 4059 italie
775 4018 800 4059 ct
811 4005 1007 4079 provinciarum
1020 4007 1170 4078 exigebatur
1183 4023 1232 4078 pro
1241 4001 1397 4057 invebendis

327 4099 406 4160 atque
424 4088 565 4142 evehendis
579 4089 729 4156 mercibus,
747 4090 872 4163 qnodque
887 4090 994 4162 proprie
1005 4091 1116 4158 vectigal
1128 4088 1316 4161 appellabatur.
1332 4083 1395 4140 Vid.

325 4169 469 4228 Burmann.
480 4172 532 4225 loc.
544 4171 630 4238 land,
642 4191 699 4248 cap.
712 4173 743 4238 ⁵3
757 4174 842 4227 Cicer.
855 4174 882 4226 in
892 4174 969 4226 Verr.
981 4174 1084 4226 Action.
1094 4172 1136 4238 11,
1148 4190 1234 4242 a,7o,
1243 4176 1290 4238 74;
1302 4168 1345 4221 111
1354 4209 1361 4222 .
1370 4186 1396 4236 7.
