3148 4990
286 437 328 478 20
432 413 603 479 VARIAE
633 409 924 478 LECTIONES
954 415 1017 479 ET
1047 415 1201 482 NOTAE

285 529 328 581 nia
345 545 450 599 quoque
465 526 540 592 lora,
560 523 707 578 ambulacra
726 537 752 577 et
764 524 891 578 auditoria
909 545 1000 579 eorum
1015 528 1209 582 recitationibus
1225 545 1351 601 persona·

285 623 361 676 rent,
379 621 463 683 poete
475 609 591 662 animum
609 607 686 660 tacita
704 620 729 660 et
747 607 891 680 indignatio
909 611 978 664 subit
992 624 1018 664 et
1030 611 1151 678 miratio,
1171 630 1220 666 cnr
1238 625 1290 664 tum
1303 611 1351 664 diu

285 695 427 768 patienter,
439 711 487 745 nec
500 693 557 745 sine
570 709 671 745 summa
684 691 816 758 molestia,
830 692 940 745 aliorum
953 694 1049 767 scriptn
1063 694 1154 767 legerit
1167 706 1192 746 et
1205 694 1352 760 audiverit,

285 798 333 832 nec
341 782 395 851 jam
410 778 465 849 ipse
477 773 576 846 aliquid
588 786 613 827 et
625 774 775 846 scripserit,
790 788 815 828 et
827 777 990 844 recitaverit,
1007 791 1036 830 ut
1049 791 1119 832 certe
1131 793 1266 848 reponeret,
1281 779 1309 834 h.
1325 797 1350 831 e.

285 863 342 916 aliis
359 861 429 914 idem
443 858 545 930 legendi
559 857 735 929 audiendique
752 843 885 910 sasiidium
899 873 1013 927 crearet,
1032 861 1105 933 quod
1123 862 1178 934 ipse
1197 881 1228 914 ex
1246 862 1352 914 illorum

285 944 358 997 libris
371 955 397 995 et
414 941 609 995 recitationibus
623 941 785 1012 perceperit,
805 961 840 994 ne
854 943 1005 1014 patientiam
1022 963 1095 996 suam
1113 944 1143 997 hi
1161 948 1256 1014 impune
1273 945 1353 998 insul·

285 1041 351 1080 toste
364 1024 447 1078 videri
461 1037 567 1096 possem
580 1043 587 1076 ε
602 1042 663 1075 num
677 1044 790 1092 reponere
802 1038 840 1078 est
852 1026 1010 1098 rependere,
1028 1047 1076 1100 par
1088 1029 1145 1101 pari
1158 1030 1273 1095 referre,
1291 1026 1352 1082 red·

283 1109 347 1163 dere
359 1108 531 1173 beneficium,
547 1107 589 1160 rel
601 1106 746 1161 debitum¹.
761 1108 804 1177 Sic
817 1108 901 1162 Plaut.
917 1110 944 1161 in
956 1110 1051 1164 Persa:

530 1205 576 1248 Des
589 1202 646 1248 milti
658 1218 767 1249 nummos
777 1239 783 1258 ,
795 1219 856 1265 quos
867 1190 981 1251 continuo
993 1205 1036 1250 tibi

532 1277 669 1337 Reponsm,
682 1276 706 1321 in
716 1277 761 1323 hoc
771 1277 851 1324 triduo
863 1288 903 1324 sut
913 1278 1046 1339 qustriduo.
1062 1281 1106 1324 En.

286 1370 316 1418 ln
327 1367 419 1439 primis
428 1363 514 1418 verbis
524 1375 549 1414 et
559 1363 587 1414 iu
597 1363 638 1416 his
650 1363 777 1430 maxime,
791 1364 836 1417 illo
849 1383 975 1433 reponere,
991 1384 1044 1417 non
1059 1364 1151 1436 lepidte
1160 1377 1276 1431 tantum,
1288 1383 1354 1436 quas

286 1462 362 1522 poeta
373 1447 501 1518 erripuit,
515 1445 646 1498 scribendi
660 1464 772 1512 oausste,
787 1463 887 1498 summa
901 1448 1001 1500 scilicet
1010 1448 1172 1519 indignatio,
1186 1447 1354 1500 exaudiendi

286 1532 363 1586 tedio
372 1541 512 1601 concepte,
525 1541 551 1581 et
559 1527 682 1582 vindicte
689 1527 803 1600 cupido,
814 1528 861 1581 sed
871 1530 1018 1584 modestum
1029 1551 1135 1604 quoque
1144 1535 1199 1604 ejus
1210 1531 1355 1604 descriptis

286 1617 340 1670 suis
350 1613 480 1688 judicium
493 1613 668 1666 continentur.
680 1611 798 1684 Abrupta
811 1624 897 1664 autem
910 1615 993 1666 oratio
1004 1615 1127 1666 convenit
1138 1615 1261 1682 affectui,
1276 1633 1355 1686 quem

287 1713 370 1773 poette
387 1697 483 1751 satirici
504 1698 532 1748 in
552 1697 615 1768 ipsis
633 1695 779 1750 carminum
799 1695 935 1769 principiis
955 1698 1028 1770 sequi
1051 1711 1075 1750 et
1097 1699 1242 1770 exprimere
1260 1698 1353 1751 solent.

288 1786 386 1839 Confer
399 1795 447 1838 sat.
463 1781 517 1848 Ν,
532 1802 558 1835 v.
575 1799 599 1834 1.

299 1969 302 1976 ⁴
322 1947 414 1993 Vsntn
427 1957 568 1991 nncrronrs.
587 1957 611 1990 n.
628 1939 747 2002 Totiens,
761 1957 809 2000 nn,
821 1941 870 2000 26,
884 1941 917 1997 45
925 1975 932 1999 ‚
948 1943 996 2000 46,
1012 1949 1060 2002 tp,
1074 1950 1107 2004 ⁴9
1118 1957 1125 1998 ;
1138 1939 1168 1988 al.
1181 1938 1294 2001 Totiens,
1310 1950 1355 2002 rs,

292 2029 334 2088 15,
352 2028 397 2086 16,
412 2042 460 2086 nt,
473 2025 523 2086 nl,
538 2033 585 2084 nl,
598 2025 646 2084 60,
661 2023 690 2071 tl.
704 2023 730 2071 h.
741 2023 757 2072 l.
771 2033 795 2070 et
805 2023 910 2086 passim,
924 2032 952 2069 ut
963 2022 1075 2087 quotiens
1083 2057 1091 2084 ,
1100 2020 1259 2085 formonsus,
1273 2022 1357 2070 nicert-

288 2112 378 2169 simtts,
390 2125 514 2174 apttonsus
526 2119 550 2155 et
562 2105 650 2154 simtlia
665 2107 692 2154 in
709 2117 769 2154 sntt.
783 2105 862 2154 Codd.
876 2105 924 2153 Sed
938 2106 1021 2154 falsam
1034 2107 1098 2154 htnc
1112 2123 1163 2154 esse
1177 2107 1320 2172 scripturam
1333 2119 1357 2156 et

288 2195 347 2243 inde
361 2193 510 2258 profectum,
524 2190 591 2256 quod
607 2201 700 2240 veteres
718 2189 837 2248 Romani,
850 2189 871 2236 si
884 2191 1038 2252 Quintiliano
1049 2188 1110 2238 fides
1123 2191 1248 2252 bnbsndn,
1264 2192 1356 2256 npioem

288 2279 340 2326 sire
358 2275 472 2324 lineolam
490 2273 705 2338 superscripserint
719 2271 843 2321 rocsh'but
855 2271 950 2336 longis,
967 2274 1017 2333 jam
1035 2272 1130 2344 dudum
1148 2291 1175 2321 sc
1194 2284 1258 2322 recte
1276 2275 1358 2339 suspi-

289 2361 336 2408 ctti
346 2369 404 2406 sunt
414 2359 524 2422 lipsius,
536 2355 621 2404 Ccllar.
635 2366 660 2404 et
672 2356 720 2404 ulii.
741 2355 818 2404 Codri
829 2355 940 2420 legerunt
952 2355 1049 2402 Servius
1062 2355 1093 2403 ad
1106 2357 1174 2422 Virg.
1187 2355 1281 2405 AEneid.
1294 2359 1319 2418 l,
1334 2367 1358 2404 et

289 2443 440 2492 Priscianus:
453 2437 538 2487 erdem
549 2437 620 2492 lectio
631 2439 745 2487 hocloco
756 2449 780 2486 et
791 2439 854 2486 infru
865 2441 920 2498 III,
933 2439 996 2500 noi,
1009 2441 1058 2500 nod
1069 2475 1076 2500 ,
1086 2441 1198 2488 omnium
1207 2441 1255 2488 sere
1264 2438 1357 2502 codd,

290 2527 362 2573 etium
371 2524 538 2571 Purisinorum
547 2558 554 2580 ,
563 2521 704 2570 auctoritate
713 2521 838 2581 firmatum
852 2539 898 2570 nec
909 2523 1003 2582 obstat,
1016 2523 1083 2586 quod
1097 2541 1189 2572 nomen
1199 2536 1235 2572 est
1246 2525 1357 2573 Graecnm

290 2605 664 2665 etcodrm‚isfrs111,sot,
682 2621 732 2668 seq.
749 2615 914 2665 memoratus,
932 2605 976 2670 (pri
993 2621 1040 2668 pro
1057 2606 1145 2653 eodem
1163 2607 1235 2671 vulgo
1254 2607 1358 2656 hebetur

290 2689 410 2747 homine,
431 2687 530 2734 Graeous
543 2683 639 2732 videtur
652 2695 724 2749 poetn
738 2685 824 2746 fuisse,
843 2686 911 2751 quod
928 2703 960 2734 ex
976 2689 1027 2746 111,
1045 2689 1111 2748 206,
1124 2689 1246 2752 probabili
1262 2690 1357 2750 J'ndicio

290 2770 418 2834 colligitur.
434 2769 606 2831 Antiqqurem
621 2783 719 2830 quoque
733 2777 831 2832 poetam
849 2770 920 2817 Rom.
938 2769 971 2816 ita
986 2769 1077 2817 dictum
1095 2771 1182 2831 fuisse,
1202 2773 1271 2831 cuius
1288 2788 1357 2820 men·

291 2855 383 2902 tionem
399 2851 483 2899 fecerit
495 2851 595 2914 Valgius
612 2850 640 2897 in
655 2850 743 2914 Elegiis
760 2851 823 2909 suis,
844 2849 915 2898 docet
930 2853 1028 2900 Servius
1040 2853 1071 2900 nd
1084 2855 1151 2918 Virg.
1166 2854 1215 2902 Ecl.
1229 2856 1295 2915 vn,
1309 2871 1358 2918 ua,

291 2955 341 3003 seq.
354 2940 391 2986 De
403 2937 450 2985 slio
463 2936 546 2984 Codro
558 2935 609 2983 vid.
623 2935 727 2984 Murist
741 2937 781 2995 lI,
797 2938 827 2995 57
837 2951 845 2993 ;
857 2937 892 2994 V,
907 2937 949 2984 nti.
970 2937 1056 2998 Cordi,
1069 2953 1096 2998 1,
1109 2940 1140 2998 8,
1154 2949 1178 2984 et
1190 2938 1244 2998 slii,
1259 2949 1317 2986 teste
1331 2956 1359 2987 sc

292 3021 363 3086 prob.
383 3017 482 3066 Barthio
500 3016 603 3065 Adrers.
622 3019 646 3077 l,
664 3033 713 3077 st,
732 3017 799 3080 qnod
813 3018 861 3065 hoc
877 3020 959 3081 potius
975 3036 1067 3068 nomen
1083 3021 1114 3067 sit
1128 3022 1274 3070 Romanum.
1289 3023 1358 3070 Idem

291 3110 373 3146 tamen
386 3107 482 3154 monet,
498 3097 577 3160 poetis
592 3095 646 3142 talis
662 3111 713 3143 esse
727 3083 805 3160 nupsi
817 3087 962 3167 nime,
976 3099 1015 3146 vel
1027 3100 1130 3148 nomine
1142 3085 1188 3148 s'uo
1200 3111 1293 3148 tsntnm
1306 3119 1358 3150 nro

292 3193 364 3240 nott,
375 3195 429 3244 qnae
439 3181 525 3228 frustra
536 3190 560 3226 et
569 3180 651 3242 inepte
662 3180 778 3243 requiras.

327 3289 395 3340 Nor.
418 3307 442 3339 s.
453 3285 593 3338 Annotatio
602 3285 692 3338 lleinr.
704 3297 742 3338 est
750 3283 822 3338 haec:
837 3285 963 3357 «Triplex
974 3285 1002 3337 iu
1011 3285 1053 3338 his
1063 3300 1282 3342 commemoratur
1291 3290 1358 3344 reci·

712 3429 941 3449 mmmm

330 3523 340 3548 ¹
359 3517 429 3566 cont.
447 3516 558 3563 Turnebi
572 3515 636 3564 Adv.
654 3517 718 3576 XX,
734 3517 763 3573 8,
782 3527 806 3564 et
849 3515 1360 3582 vicissinontiouemrsponaertouttetn.

295 3596 405 3645 Parrhss.
418 3595 493 3659 Epist.
504 3597 593 3655 XXII,
605 3612 630 3659 p.
643 3605 690 3656 lo,
702 3597 745 3659 qui
756 3612 805 3644 tne-
850 3605 901 3652 est,
920 3609 1032 3658 reponere
1051 3612 1103 3643 esse
1124 3597 1190 3645 idem
1211 3599 1254 3662 qd.
1276 3617 1360 3665 repen·

294 3677 422 3740 tspborsm
436 3673 588 3737 desnmptsm
602 3674 704 3738 putebat
718 3691 731 3722 n
745 3691 804 3722 con·
851 3675 921 3732 dere,
937 3675 1029 3722 clarum
1045 3675 1088 3723 list
1100 3694 1131 3724 ex
1144 3679 1248 3739 Seneca,
1262 3679 1293 3726 de
1304 3684 1360 3741 Irs,

295 3756 381 3812 viriis,
398 3770 451 3802 non
469 3771 483 3801 tr
502 3751 672 3800 creditoribus.
694 3753 807 3800 barthius
850 3751 914 3800 libro
924 3757 949 3812 I,
958 3769 1010 3818 cop.
1019 3755 1047 3800 3:
1059 3757 1213 3804 “Aristotelis
1221 3756 1360 3807 linitionon

295 3833 440 3898 (Adversar.
451 3835 477 3891 l,
492 3831 539 3895 ar)
550 3842 633 3892 uottt,
644 3831 746 3879 verbum
757 3829 806 3880 hoc
851 3849 864 3880 n
884 3843 966 3880 nostra
981 3833 1061 3892 abest3
1078 3837 1112 3882 ait
1130 3836 1214 3884 enim:
1233 3837 1294 3885 irum
1308 3853 1360 3886 etse

251 3939 262 3962 ι
296 3929 328 3960 ex
345 3912 428 3960 schola
441 3912 609 3960 declsmstorin
627 3898 738 3975 rtxrtndr
758 3912 806 3959 dici
850 3912 1008 3975 cupiditatem
1028 3915 1120 3962 doloris
1142 3915 1317 3979 reponendi3»
1337 3928 1361 3965 et

298 3991 328 4040 tle
341 4007 385 4050 eo,
399 3991 442 4053 qui
456 3991 602 4054 respondent
614 3990 727 4050 themati,
741 4001 766 4038 et
776 3989 807 4038 sd
851 4007 882 4038 ex
894 3993 1030 4052 Lactantio,
1043 3993 1075 4041 de
1086 3997 1125 4042 Ira
1137 3995 1184 4041 Dei
1195 3994 1247 4059 c'np.
1260 4011 1303 4056 17,
1318 3996 1360 4042 nbi

297 4069 450 4133 clepsydram
474 4071 528 4132 pari
553 4071 707 4130 sttentione,
734 4085 807 4133 quarn
851 4070 936 4118 endem
949 4071 1116 4134 verbntffert,
1130 4073 1267 4124 sedtamen
1277 4091 1361 4141 repen-

296 4149 435 4212 proestiten't
454 4149 569 4214 congregi
588 4165 650 4208 suo,
670 4148 808 4198 audiendus
852 4149 927 4198 dendi
938 4146 1012 4200 hibet
1025 4168 1072 4216 pro
1084 4151 1222 4218 reponendi.
