3056 4984
357 393 422 458 aas
630 363 672 454 i).
702 385 842 456 sunu
870 389 1153 459 Juvenams

355 504 533 594 Filiolum,l
548 504 648 574 Stetit
663 518 741 574 ante
755 529 865 590 aram,
881 531 944 575 nec
960 521 1059 602 turpe
1075 510 1205 602 putavit
1375 527 1432 595 ³9⁰

354 619 420 686 Pro
435 616 567 684 cithara
581 612 693 684 velare
708 628 828 711 caput3
846 615 1035 712 dictataque
1051 618 1155 688 verba

354 725 513 810 Pertulit,
528 740 569 794 ut
581 751 654 794 mos
669 741 737 813 est,
752 741 787 795 et
798 741 916 821 aperta
929 725 1048 821 palluit
1061 753 1156 822 agna

351 838 416 932 Dic
432 836 515 905 mihi
530 861 639 922 nunc,
654 861 784 931 quaeso,
801 836 874 921 dic,
890 837 1119 931 antiquissime
1134 841 1277 922 Divum,

352 943 550 1042 Respondes
565 946 633 1031 his,
648 948 666 1014 J
669 971 732 1014 ane
749 944 867 1041 pater?
880 948 1006 1040 Magna
1020 948 1089 1016 otia
1103 948 1178 1018 coeli
1194 976 1202 1018 τ

350 1057 430 1126 Non
445 1070 511 1142 est,
527 1069 566 1123 ut
581 1055 697 1142 video,
711 1079 782 1124 non
796 1071 864 1142 est,
880 1056 972 1153 quod
986 1073 1103 1152 agatur
1118 1059 1208 1155 apud
1224 1085 1295 1130 vos.
1375 1073 1424 1144 395

350 1169 431 1236 Haec
446 1165 488 1236 de
503 1165 662 1236 comoedis
678 1180 713 1235 te
728 1166 894 1256 consulit3
909 1163 965 1238 illa
977 1170 1165 1263 tragoedum

349 1275 597 1348 Commendare
613 1275 707 1345 volet
723 1302 731 1345 :
746 1279 918 1348 varicosus
933 1273 993 1349 liet
1007 1279 1184 1375 haruspex.

398 1385 465 1456 Sed
481 1400 595 1455 cantet
610 1386 740 1480 potius,
755 1410 855 1480 quam
871 1403 976 1458 totam
989 1386 1143 1482 pervolet
1158 1390 1278 1458 urbem

348 1497 482 1577 Audax,
497 1513 532 1566 et
546 1511 651 1566 coetus
665 1497 771 1592 possit
784 1522 884 1592 quam
900 1497 991 1567 ferre
1007 1501 1174 1585 virorum,

297 1633 310 1644 ‘
347 1613 502 1704 Cumque
519 1606 685 1704 paludatis
701 1607 844 1678 ducibus
858 1624 1023 1703 praesente
1037 1609 1158 1677 marito
1372 1636 1422 1691 roo

269 1775 280 1801 ,
348 1721 426 1812 Ipsa
440 1717 532 1813 loqui
547 1733 640 1788 recta
653 1715 756 1803 facie,
771 1718 964 1812 strictisque
979 1717 1142 1788 mamillis.

348 1831 430 1900 Haec
443 1828 561 1898 eadem
576 1828 689 1913 novit,
705 1825 787 1922 quid
804 1843 877 1900 toto
891 1827 949 1897 fiat
964 1828 999 1896 in
1013 1829 1113 1916 orbe;

347 1937 439 2027 Quid
456 1940 573 2024 Seres,
587 1938 670 2033 quid
685 1939 833 2008 Thraces
847 1954 963 2033 agant;
977 1954 1108 2008 secreta
1120 1931 1273 2010 novercae

347 2051 391 2118 Et
407 2050 521 2144 pueri;
536 2046 611 2144 quis
626 2062 733 2135 amet,
748 2048 826 2144 quis
840 2047 1021 2144 diripiatur
1033 2047 1175 2119 adulter.

273 2281 278 2289 ’
346 2300 434 2358 quam
452 2280 594 2356 ejusmodi
610 2277 769 2351 sacrificio,
784 2275 1008 2338 sollicitudinem
1023 2297 1102 2336 suam
1118 2273 1306 2356 significaret,
1323 2277 1349 2335 si
1368 2275 1418 2336 filii

344 2374 459 2450 parvuli
478 2375 537 2432 rita
558 2384 587 2431 et
603 2372 741 2430 valetudo
761 2371 836 2430 foret
854 2391 870 2428 a
891 2371 1111 2448 desperantibus
1129 2372 1246 2428 medicis
1269 2371 1418 2454 deposita?

344 2463 431 2524 Stetit
439 2477 509 2552 pate
520 2469 625 2552 altare,
640 2475 674 2522 ut
687 2476 757 2522 vota
769 2475 799 2522 et
811 2482 910 2540 preces
923 2483 978 2539 pro
990 2464 1156 2540 cytharoedo
1169 2465 1351 2542 conciperet;
1366 2484 1417 2522 nee

343 2559 461 2615 erubuit
471 2559 566 2616 velato
583 2557 676 2632 capite
690 2558 780 2614 verba
793 2555 931 2614 solemnia
949 2567 978 2612 et
995 2556 1098 2612 usitata
1110 2556 1215 2630 quibus
1226 2557 1282 2632 ipsi
1296 2556 1416 2632 praeibat

342 2669 482 2726 aruspex,
494 2651 634 2708 recitare:
652 2649 778 2707 diductis
791 2669 890 2726 agnae,
907 2668 992 2726 quam
1006 2649 1188 2720 immolabat,
1201 2650 1290 2720 extis,
1308 2663 1416 2708 metum

342 2744 540 2820 palloremque
552 2762 613 2818 prae
624 2761 654 2798 se
668 2743 748 2810 tulit,
760 2741 785 2799 si
797 2741 870 2817 quid
883 2741 980 2800 inillis
994 2741 1149 2800 infaustum
1162 2743 1332 2818 cytharoedo
1344 2763 1416 2818 por-

343 2833 422 2892 tendi
435 2835 595 2892 videretur.
607 2835 679 2891 Jane
692 2843 784 2908 pater,
795 2835 939 2908 Superum
954 2834 1158 2904 vetustissime,
1174 2835 1221 2890 dic
1235 2833 1307 2890 mihi
1323 2854 1415 2906 nunc,

342 2927 477 2999 obsecro,
489 2946 525 2984 aa
539 2945 638 2984 aurem
650 2925 792 3002 ejusmodi
798 2926 878 2984 ,votis
889 2925 1036 3002 prebeas?
1047 2925 1079 2984 Si
1088 2926 1128 2982 ita
1139 2937 1197 2996 est,
1210 2938 1290 2983 certe
1300 2938 1415 3001 oportet

341 3037 394 3076 vos
406 3019 437 3074 in
451 3020 520 3076 caelo
533 3018 618 3075 valde
629 3018 737 3075 otiosos
749 3035 827 3086 esse,
844 3035 938 3092 neque
951 3017 1132 3092 gravioribus
1145 3018 1269 3094 negotiis
1281 3017 1414 3074 detineri.

343 3111 413 3168 Aliae
435 3111 472 3168 de
493 3113 710 3181 camdenum,
732 3111 794 3166 aliae
817 3110 854 3167 de
874 3109 1168 3185 tragoedomrn'ludis
1188 3122 1216 3168 et
1236 3129 1368 3168 successu
1388 3121 1414 3167 te

341 3206 509 3275 consulunt,
520 3215 549 3262 et
558 3215 626 3262 vota
638 3205 692 3262 tibi
702 3223 804 3262 eorum
816 3203 848 3258 in
858 3202 979 3280 gratiam
991 3203 1113 3259 iaciunt:
1127 3203 1335 3282 ipsearaspcx,
1346 3204 1414 3261 dum

340 3308 478 3372 operatur
496 3307 553 3354 tam
567 3298 665 3354 multis
679 3316 711 3354 ac
726 3295 872 3355 diuturnis
885 3294 989 3366 sacris,
1005 3296 1127 3371 pedibus
1141 3296 1288 3368 insistens,
1301 3296 1414 3372 pericu-

340 3390 400 3446 lum
413 3401 469 3460 est,
483 3408 519 3448 ne
529 3389 683 3472 garicosuaf
693 3387 805 3445 evadat.

380 3482 447 3556 397.
470 3484 666 3556 Quanquam,
681 3490 743 3538 esto
761 3498 849 3554 sane,
869 3490 980 3546 cantet,
995 3481 1133 3558 ludatque
1146 3479 1266 3554 mulier,
1282 3483 1370 3558 longe
1384 3479 1414 3539 id

339 3573 426 3632 satius
437 3563 473 3630 ac'
481 3572 659 3630 tolerabilius
671 3583 731 3658 est,
745 3592 831 3648 quam
845 3571 870 3628 si
884 3581 976 3630 totam
988 3585 1140 3632 concurset
1151 3574 1295 3632 civitatem
1308 3574 1412 3650 insigni

338 3669 529 3746 impudentia,
546 3681 574 3727 et
591 3669 693 3728 mediis
710 3688 740 3726 se
753 3671 887 3728 virorum
905 3671 1025 3729 coetibus
1043 3669 1226 3746 interponat,
1245 3683 1333 3750 atque
1349 3691 1411 3728 nrm

338 3763 460 3822 ducibus
474 3764 634 3839 paludatis,
648 3763 753 3820 marito
764 3774 921 3838 praesente,
933 3763 994 3839 ipsa
1006 3764 1184 3822 familiariter
1196 3767 1279 3840 loqui
1291 3765 1411 3834 audeat,

339 3853 410 3910 dum
420 3857 534 3911 vultum
543 3854 694 3924 audacem,
707 3865 736 3912 et
749 3873 885 3912 mammas
896 3873 912 3912 e
924 3853 988 3912 sinu
1003 3867 1127 3912 exsertas
1138 3857 1273 3914 euntibus
1283 3857 1321 3914 ad
1333 3856 1410 3913 mili-

339 3945 407 4000 tiam
428 3946 566 4004 adulteris
587 3947 724 4004 ostendit.
741 3949 808 4004 Haec
830 3946 929 4004 eadem
948 3948 1129 4024 exploratum
1146 3949 1233 4005 habet
1252 3949 1324 4024 quid
1340 3947 1410 4005 orbe

339 4043 482 4098 terramm
494 4048 557 4095 toto
569 4049 695 4115 geratur,
706 4037 778 4113 quid
791 4048 892 4114 agatur
903 4039 980 4114 apud
991 4039 1088 4109 Seras,
1100 4040 1171 4115 qnid
1185 4041 1262 4118 apud
1271 4042 1407 4108 Thracas;

300 4203 305 4212 ὓ
343 4127 415 4202 quid
427 4149 560 4190 novercae
571 4151 637 4190 eum
649 4132 790 4210 privignis
802 4131 899 4208 pueris
909 4143 1050 4192 secretum
1065 4132 1185 4191 faciant:
1197 4132 1320 4192 aliorum
1331 4151 1407 4190 aruo·
