3130 4986
336 444 398 518 ¹⁴ii
606 445 648 510 D.
674 443 812 509 IUNII
838 439 1121 506 JUVENALIS

333 554 417 640 Hic,
432 553 490 622 ubi
506 571 681 626 nocturnae
698 558 812 626 Numa
828 551 1054 625 constituebat
1069 551 1201 621 amicte:

332 663 436 732 Nunc
452 665 536 733 sacri
552 663 655 734 sontis
671 686 790 734 nemus
808 679 841 732 et
857 662 997 731 delubra
1013 661 1167 731 locantur

332 770 473 857 Judaeis,
489 796 635 865 quorum
652 773 820 868 cophinus
838 771 1032 864 soenumque
1048 769 1214 865 supellex:

331 881 473 979 (Omnis
490 884 579 953 enim
597 883 723 981 populo
740 882 930 954 mercedem
948 880 1096 976 pendere
1110 881 1202 974 jussa
1217 896 1267 949 est
1371 895 1400 948 ιε

331 994 458 1079 Arbor,
475 1008 509 1062 et
525 994 640 1088 ejectis
658 994 828 1064 mendicat
842 993 926 1062 silva
944 988 1130 1086 Camenis).

332 1103 373 1169 In
390 1101 511 1171 vallem
527 1105 660 1198 Egeriae
678 1102 931 1188 descendimus,
947 1115 981 1169 et
996 1099 1171 1195 speluncas

330 1211 516 1282 Dissimiles
532 1215 631 1284 veris.
647 1215 785 1302 Quanto
803 1211 1015 1308 praestantius
1032 1226 1119 1279 esset

332 1324 468 1391 Numen
484 1347 596 1424 aquae,
613 1325 715 1394 viridi
731 1325 759 1394 si
776 1323 927 1418 margine
942 1319 1112 1392 clauderet
1127 1319 1234 1388 undas

330 1433 460 1518 Herba,
476 1458 541 1503 nec
558 1435 745 1529 ingenuum
763 1435 928 1530 violarent
943 1456 1111 1501 marmora
1126 1427 1285 1526 tophum!
1366 1463 1400 1498 ιο

379 1545 444 1613 Ηίο
461 1561 542 1616 tunc
557 1541 770 1635 Umbricius3
787 1547 932 1636 Quando
950 1546 1093 1631 artibus,
1110 1544 1233 1637 inquit,
1245 1541 1398 1612 honestis

331 1653 452 1724 Nullus
470 1655 505 1724 in
523 1658 618 1726 Urbe
635 1656 750 1745 locus,
763 1657 856 1726 nulla
873 1657 1101 1726 emolumenta
1118 1654 1289 1740 laborum,

330 1767 398 1832 Res
414 1764 518 1833 hodie
533 1768 648 1836 minor
664 1782 732 1854 est,
749 1767 831 1836 here
848 1791 948 1862 quarn
964 1765 1046 1852 fuit,
1063 1781 1162 1860 atque
1179 1764 1295 1834 eadem
1311 1787 1385 1832 cras

328 1875 469 1943 Deteret
485 1876 612 1970 exiguis
629 1876 776 1970 aliquid,
794 1876 1017 1970 proponimus
1033 1874 1113 1944 illuc

329 1988 402 2072 Ire,
420 1985 574 2081 fatigatas
590 1988 649 2057 ubi
664 1986 821 2058 Daedalus
837 1975 932 2055 exibit
947 1984 1029 2072 alas,
1087 2069 1099 2094 ι
1367 1996 1397 2048 25

326 2143 440 2217 phales,
457 2162 474 2198 a
494 2143 640 2202 veteribvu
654 2155 764 2202 erectos
783 2145 815 2199 in
828 2145 970 2200 honorem
989 2141 1074 2198 trium
1090 2141 1296 2206 Horatiorum,
1317 2139 1400 2195 etad

327 2244 442 2308 portam
454 2235 613 2310 Capenam,
629 2236 726 2310 aquis,
742 2236 782 2293 ob
792 2235 960 2311 impositum
972 2234 1027 2308 ipsi
1037 2253 1116 2308 aquae
1130 2233 1263 2301 ductum,
1279 2231 1400 2288 nuden-

327 2335 387 2382 tem
403 2345 515 2400 semper
531 2339 559 2384 et
572 2329 742 2398 stillantem,
757 2347 818 2384 uon
836 2329 939 2402 procul
957 2327 993 2383 ab
1014 2346 1049 2384 eo
1067 2327 1133 2382 loco
1145 2325 1174 2380 in
1190 2344 1275 2399 quem
1290 2327 1401 2394 Numa,

328 2417 485 2474 constituto
510 2428 655 2493 tempore,
682 2419 872 2476 conveniebat
899 2429 1010 2488 noctu,
1035 2419 1072 2474 ad
1095 2416 1251 2474 audiendos
1276 2417 1400 2492 AEgeriae

328 2508 424 2578 amicae
433 2508 576 2566 monitus:
588 2529 665 2566 nunc
679 2510 752 2567 illud
764 2531 881 2581 nemus,
893 2531 958 2568 cum
966 2509 1048 2566 sonte
1057 2527 1137 2566 sacro
1151 2527 1184 2565 ac
1198 2509 1335 2578 delubro,
1353 2509 1397 2564 lo·

327 2611 408 2655 catur
421 2599 649 2658 mendicantibus
661 2602 783 2674 Judaeis,
797 2621 923 2678 quorum
932 2613 1039 2680 egestas
1051 2612 1127 2656 tanta
1139 2611 1199 2669 est,
1213 2611 1246 2656 ut
1257 2600 1330 2656 nibil
1338 2599 1399 2656 lere

327 2693 406 2749 aliud
419 2694 601 2769 supellectilis
612 2695 734 2752 babeant
747 2715 833 2772 qnam
850 2696 968 2752 corbem
980 2695 1046 2751 cibo
1059 2693 1201 2750 servando
1214 2704 1327 2768 aptam,
1346 2692 1399 2748 loe-

326 2805 454 2860 numque
476 2786 565 2842 cubili
584 2787 741 2843 sternendo
763 2787 843 2844 utile.
869 2787 977 2844 Tamen
997 2806 1052 2862 pro
1072 2788 1151 2863 sylva
1171 2786 1224 2842 ista
1241 2784 1398 2842 obtinenda

326 2879 495 2952 persolvunt
508 2879 618 2954 populo
635 2897 755 2959 romano
770 2878 896 2952 pretium
912 2891 1042 2951 certum,
1056 2879 1088 2935 in
1101 2878 1225 2956 singulas
1238 2876 1299 2933 sere
1311 2877 1399 2932 arbo-

327 2988 389 3038 res3
407 2981 435 3026 et
449 2971 500 3044 qui
514 2971 595 3044 lucus
608 2979 692 3026 antea
705 2987 785 3024 sacer
798 2969 889 3026 Musis
900 2979 977 3040 erat,
989 2989 1021 3026 ac
1034 2971 1065 3026 in
1080 2989 1177 3026 earum
1187 2968 1329 3024 honorem
1341 2968 1398 3024 fre-

326 3061 539 3138 quentabatur,
553 3081 631 3118 nunc
645 3062 679 3117 iis
691 3062 772 3116 velut
788 3061 902 3134 ejectis,
915 3062 1030 3120 Judaeos
1045 3063 1087 3118 ibi
1100 3062 1202 3138 stipem
1213 3071 1397 3135 corrogantes

249 3215 251 3223 λ
325 3153 610 3229 apraetereuntibus‚
630 3153 763 3210 dominos
779 3163 807 3208 et
830 3152 937 3210 incolas
950 3155 1047 3210 habet.
1065 3155 1126 3229 Ego
1144 3153 1234 3228 igitur
1247 3162 1293 3220 et,
1312 3169 1397 3227 quem

326 3244 520 3315 deducebam,
539 3243 725 3314 Umbricius,
747 3244 778 3299 in
791 3245 893 3302 vallem
912 3246 1034 3318 AEgeriae
1047 3264 1154 3302 sacram
1170 3244 1338 3301 devenimus
1349 3285 1359 3312 ,
1370 3255 1398 3299 et

326 3354 459 3391 cavernas
472 3354 489 3391 a
504 3334 607 3392 nativis
621 3345 650 3392 et
666 3333 742 3390 veris
755 3337 877 3393 multum
893 3337 1098 3406 abhorrentes,
1111 3335 1202 3410 iisque
1212 3336 1305 3392 multo
1320 3334 1399 3394 dete·

325 3428 423 3488 riores.
440 3431 556 3499 Quanto
566 3429 677 3486 facilins
685 3441 907 3504 agnosceretur,
916 3448 948 3486 ac
955 3428 1111 3502 jucundius
1122 3428 1266 3485 coleretur
1275 3445 1397 3497 numen,

325 3521 406 3595 quod
419 3520 479 3576 istis
489 3521 618 3578 lontibus
631 3521 781 3598 praesidet,
794 3523 817 3579 si
831 3521 921 3579 herba
938 3521 1034 3577 virens
1049 3521 1179 3595 lymphas
1191 3539 1303 3578 amoeno
1319 3540 1397 3578 mar·

324 3612 391 3689 gine
404 3613 542 3684 ambiret,
557 3624 586 3669 et
603 3613 628 3670 si
642 3633 702 3671 non
721 3613 839 3671 inducta
859 3632 1001 3670 mamnora
1019 3611 1154 3686 simplicis
1173 3609 1255 3688 tophi
1267 3611 1397 3692 nativum

325 3703 412 3761 decus
424 3704 584 3761 violarent!

367 3815 413 3852 nr.
425 3796 678 3854 TuncUmbricius
689 3796 720 3852 in
728 3796 785 3852 boc
797 3798 863 3854 loco
874 3797 933 3871 ejus
945 3795 1026 3852 modi
1037 3795 1095 3854 sere
1107 3814 1269 3854 sermonem
1279 3795 1396 3852 babuit:

326 3889 445 3958 «Quum
454 3889 524 3944 viris
534 3889 667 3946 honestas
674 3899 748 3944 artes
755 3889 954 3945 exercentibus
964 3888 1036 3944 nihil
1046 3888 1105 3962 jam
1114 3889 1151 3945 sit
1158 3887 1215 3944 loci
1225 3889 1333 3958 Romae,
1344 3906 1398 3944 nec

325 3983 417 4038 ullum
431 3982 475 4038 sui
493 3982 599 4040 laboris
613 3983 739 4038 fructum
754 4000 868 4056 sperare
881 3981 1010 4058 possint3
1030 3999 1074 4038 res
1091 4000 1163 4036 vero
1176 3999 1239 4037 mea
1250 3979 1397 4038 familiaris

326 4073 413 4130 hodie
425 4075 573 4152 angustior
588 4085 631 4132 est
642 4094 727 4149 wem
738 4073 820 4144 heri,
840 4085 868 4130 et
880 4073 979 4130 eadem
992 4073 1059 4128 licet
1076 4072 1192 4148 exigvm,
1208 4091 1269 4129 cras
1285 4069 1398 4147 aliquid

326 4175 420 4224 tamen
433 4165 587 4240 deperdet3
599 4166 735 4223 constitui
746 4164 874 4240 recipere
885 4183 932 4222 me
945 4167 976 4222 in
988 4183 1049 4221 eam
1058 4164 1215 4237 civitatem,
1228 4164 1279 4222 ubi
1291 4164 1398 4222 Dada-
