3130 4986
339 481 398 546 152
611 455 1119 555 n.runrriuvanac1s

334 595 456 668 Filius:
475 597 558 666 alter
573 599 681 684 enim,
698 615 860 693 quantum
877 602 912 669 in
930 600 1062 696 legione
1078 603 1220 673 Tribuni
1323 584 1324 591 i

333 708 530 801 Accipiunt,
547 706 649 775 donat
665 707 811 777 Calvinae
829 708 882 777 vel
898 711 1062 797 Catienae,

333 816 382 883 Ut
398 814 503 884 semel
519 831 618 910 atque
636 817 759 886 iterum
775 843 876 912 super
892 819 982 888 illam
999 820 1161 917 palpitet:
1178 837 1212 891 at
1228 839 1283 908 tu,

333 927 446 1013 Quum
465 926 525 994 tibi
545 928 653 995 vestiti
670 926 770 996 facies
787 929 890 997 scorti
908 927 1034 1023 placet,
1051 931 1175 1018 haeres,
1349 946 1396 998 135

332 1037 377 1102 Et
392 1033 523 1103 dubitas
539 1033 604 1102 alta
619 1035 772 1104 Chionen
789 1036 956 1107 deducere
974 1037 1063 1106 sella.

382 1145 463 1211 «Da
479 1157 596 1211 testem
614 1147 728 1214 Rornae
745 1160 813 1213 tam
829 1161 1000 1232 sanctum,
1017 1171 1117 1240 quam
1136 1146 1199 1215 fuit
1213 1147 1335 1241 hospes

335 1255 492 1324 Numinis
507 1254 589 1324 Idaei
605 1281 613 1323 τ
632 1255 793 1351 procedat
809 1255 861 1324 vel
878 1259 1007 1341 Numa,
1024 1256 1077 1325 vel
1093 1257 1150 1350 qui

334 1364 487 1432 Servavit
504 1363 668 1457 trepidam
685 1365 842 1459 flagranti
858 1381 899 1432 ex
914 1365 983 1433 aede
1001 1365 1192 1434 Minervam
1210 1391 1218 1432 r

334 1475 499 1541 Protenus
515 1472 556 1541 ad
573 1498 729 1559 censum;
748 1473 790 1541 de
806 1474 957 1541 moribus
974 1473 1092 1542 ultima
1109 1475 1168 1542 fiet
1351 1492 1400 1550 140

334 1583 483 1670 Quaestio
499 1609 507 1650 r
525 1599 607 1678 quot
623 1585 730 1676 pascit
745 1583 881 1651 servos?
896 1598 979 1676 quot
995 1582 1142 1676 possidet
1157 1583 1230 1678 agri

334 1690 482 1786 iugera?
497 1715 596 1784 quarn
612 1690 717 1759 multa
732 1714 919 1785 magnaque
936 1690 1112 1784 paropside
1130 1689 1261 1759 coenat?

334 1803 507 1891 Quantum
524 1801 664 1895 quisque
680 1825 739 1870 sua
755 1824 968 1870 nummorum
986 1813 1095 1866 servat
1111 1799 1145 1867 in
1161 1823 1254 1884 arca,

334 1914 482 1981 Tantum
498 1913 599 1981 habet
615 1927 649 1979 et
665 1910 753 1978 fidei.
770 1911 789 1978 J
792 1935 868 1978 ures
884 1909 963 1978 licet
979 1925 1012 1977 et
1028 1911 1301 1996 Samothracum,

224 2019 225 2022 '
336 2025 381 2091 Et
396 2038 591 2092 nostrorum
607 2045 696 2106 aras,
714 2033 929 2090 contemnere
945 2018 1086 2087 fulmina
1101 2043 1230 2114 pauper
1352 2036 1400 2098 145

284 2357 287 2367 Ι
335 2285 421 2342 lateri
435 2287 572 2342 exteriori
587 2279 781 2354 adhaerentes,
801 2285 974 2358 locupletem
993 2294 1163 2358 patronum,
1183 2283 1252 2340 olim
1267 2302 1400 2355 servum,

337 2388 367 2434 et
380 2378 437 2434 vile
451 2379 645 2453 mancipium:
664 2376 772 2434 scilicet
791 2375 899 2434 redacti
916 2375 953 2433 ad
964 2387 1133 2452 egestatem,
1148 2387 1176 2432 et
1192 2377 1321 2432 exhausti
1337 2375 1403 2452 opi-

336 2470 408 2540 bus,
424 2489 493 2545 quas
513 2470 584 2527 nori
601 2470 648 2526 isti
663 2469 766 2526 divites
782 2467 963 2544 profundunt
983 2469 1013 2524 in
1030 2469 1193 2526 meretrices
1209 2469 1355 2526 Calvinum
1374 2481 1403 2528 et

336 2565 500 2633 Catienam,
520 2564 625 2638 quibus
646 2563 809 2640 largiuntur
830 2571 940 2622 tantum
960 2562 1101 2636 pecuniae,
1120 2573 1259 2637 quantum
1279 2563 1403 2619 tribunis

336 2657 509 2713 militaribus
522 2675 577 2731 pro
594 2655 738 2729 stipendio
752 2654 816 2711 dari
827 2655 918 2711 solet:
933 2665 962 2712 et
973 2653 1046 2710 illud
1056 2653 1187 2728 quidem,
1204 2664 1238 2710 ut
1251 2673 1336 2730 super
1352 2656 1402 2712 has

336 2750 519 2819 meretrices,
530 2749 617 2804 semel
629 2759 714 2822 atque
729 2747 834 2803 iterum
847 2746 1002 2821 palpitent,
1019 2747 1148 2802 obscaena
1161 2747 1282 2822 agendo.
1298 2750 1337 2801 At
1352 2757 1402 2818 tu,

337 2843 389 2916 qui
396 2858 652 2916 pauperes,quum
662 2839 716 2894 tibi
724 2838 920 2914 placetrultus
929 2849 1031 2914 togatae
1038 2838 1219 2914 ardgarisque
1228 2838 1401 2909 meretricis,

336 2934 428 2990 haeres
446 2931 568 3000 dubius,
588 2947 640 2986 nec
661 2929 748 2984 audes
764 2928 905 2986 deducere
922 2949 983 2986 eam
1000 2949 1035 2986 ex
1049 2932 1104 2986 alta
1119 2931 1203 3001 sella,
1221 2950 1277 3006 qua
1291 2940 1402 3005 prostat

338 3033 403 3078 ante
416 3022 536 3078 fornicis
548 3021 654 3090 limen,
666 3019 731 3093 quia
742 3019 838 3094 paucis
849 3020 943 3078 obolis
956 3041 1051 3091 cares,
1066 3019 1170 3095 quibua
1181 3021 1208 3101 qi
1219 3020 1377 3077 satisfacias.

381 3114 447 3184 137.
469 3115 547 3170 aFac
560 3131 619 3168 esse
630 3110 756 3186 aliquem
767 3113 866 3172 Romae
880 3123 980 3170 testem
992 3131 1072 3187 aeque
1082 3111 1162 3187 pium
1173 3123 1202 3168 et
1213 3111 1338 3188 probum
1348 3153 1357 3182 ,
1369 3131 1402 3168 ac

338 3204 502 3278 Scipionem
515 3203 597 3258 illum
608 3202 754 3272 Nasicam,
775 3201 826 3278 qui
841 3213 961 3258 matrem
976 3205 1105 3259 Deorum
1123 3221 1139 3258 e
1155 3202 1278 3279 Phrygia
1296 3201 1403 3277 depor-

338 3308 425 3351 tatam
442 3295 569 3368 hospitio
587 3294 716 3369 excepit:
732 3294 853 3369 prodeat
866 3292 897 3349 in
908 3293 968 3368 jus,
986 3294 1143 3351 testimonii
1159 3293 1275 3350 dicendi
1288 3313 1401 3365 caussa,

339 3393 431 3446 Numa
452 3387 624 3463 Pompilius,
646 3389 692 3443 rel
710 3387 814 3444 Lucius
832 3389 980 3456 Metellus,
998 3385 1049 3460 qui
1068 3407 1104 3443 ex
1122 3387 1286 3444 aedeVestae
1306 3386 1402 3444 subito

338 3479 474 3537 incendio
490 3490 622 3553 correpta
639 3478 797 3535 Palladium
811 3478 949 3536 subduxit
965 3496 997 3533 ac
1016 3479 1158 3548 servavit,
1180 3478 1275 3535 statim
1292 3497 1403 3553 quaere·

340 3585 388 3633 tur
404 3573 468 3648 quis
483 3572 520 3627 sit
534 3570 610 3627 illius
624 3589 739 3642 census,
756 3580 829 3645 quot
843 3571 900 3626 alat
915 3570 994 3626 domi
1010 3589 1123 3640 servos,
1138 3591 1224 3646 quarn
1240 3571 1330 3628 multa
1343 3590 1403 3627 ma·

339 3683 452 3742 gnaque
468 3661 576 3738 praedia
592 3661 750 3737 possideat,
769 3681 854 3736 quam
873 3663 966 3718 lauurs
985 3673 1014 3718 et
1028 3662 1195 3740 magnificus
1209 3662 1247 3719 sit
1261 3663 1402 3721 obsonio-

341 3777 405 3814 rum
426 3765 578 3831 apparatns
601 3754 638 3810 ad
658 3753 734 3810 illius
761 3771 896 3809 mensam.
922 3753 1033 3810 Ultimo
1054 3753 1170 3814 demum
1190 3755 1257 3810 loco
1273 3753 1310 3810 de
1327 3754 1402 3812 illius

339 3847 483 3921 probitate
503 3865 535 3902 ac
551 3845 681 3906 moribus
696 3844 798 3920 aliquis
811 3845 1041 3928 percontabitur.¹
1059 3847 1193 3918 Quantas
1203 3847 1324 3924 quisque
1333 3865 1403 3922 opes

340 3937 446 4006 habet,
468 3945 606 4010 quantum
627 3954 811 3992 nummorum
833 3936 864 3991 in
886 3955 951 3992 arca
973 3949 1087 4005 servat,
1111 3949 1222 3993 tantum
1245 3939 1290 3993 itti
1310 3938 1402 3994 credi-

341 4041 397 4082 tur.
424 4026 562 4097 Quamvis
585 4046 694 4102 pauper
718 4028 828 4103 aliquid
848 4025 972 4085 affirmet
990 4026 1102 4102 juratus
1126 4047 1178 4103 per
1201 4028 1271 4090 deos
1293 4039 1404 4086 veteres

340 4118 534 4192 Trojanorum
557 4137 572 4174 e
597 4119 791 4176 Samothracia
813 4119 883 4184 olim
908 4120 1075 4192 arcessitos,
1099 4131 1128 4178 ct
1152 4119 1308 4195 peculiares
1334 4121 1405 4178 deos

340 4211 554 4280 Romanorum,
566 4207 667 4266 salsum
676 4221 770 4266 tamen
775 4209 873 4286 jurare
882 4211 1074 4282 existimatur,
1084 4229 1177 4286 neque
1186 4211 1306 4268 fulmina
1314 4211 1404 4292 perti-
