3148 4990
396 711 634 800 SATIRAE
667 709 968 798 SECUNDAE

525 913 843 972 ARGUMENTUM.

333 1151 463 1215 Arguitur
475 1150 551 1198 Satira
562 1147 672 1214 probitas
686 1145 798 1195 simulata
812 1145 927 1194 munda.

333 1234 455 1299 Carpitur
468 1235 513 1283 bac
526 1235 604 1282 Satira
616 1232 728 1298 probitas
741 1231 851 1280 simulata
865 1231 981 1279 secunda⁸

335 1318 490 1382 Hypocritaa
503 1317 617 1375 damnat,
630 1315 657 1363 in
670 1331 733 1379 quos
748 1316 869 1363 Iauronia
882 1315 976 1362 clamat.

334 1403 386 1450 Dat
400 1419 512 1452 caussam
525 1419 603 1469 poenar
614 1401 683 1465 quod
696 1403 802 1450 Martem
815 1400 895 1464 poscit
907 1413 1009 1447 amoene.

143 1555 188 1603 11,
199 1555 256 1591 SM
266 1555 377 1594 Gom&
391 1559 570 1594 ΙΠΡΟΟΙΠΛΒ.
585 1571 620 1582 -·
638 1558 676 1592 DE
686 1555 860 1592 PHILOSOPHIS
870 1554 1017 1590 OBSCOEI&
1033 1565 1070 1576 ····
1088 1554 1124 1588 DE
1136 1554 1220 1589 l'lss'rld

419 1640 541 1678 lomus
553 1641 711 1678 trtrrlrttutr.
727 1651 764 1662 ···
782 1637 949 1672 HYPOCRH'AE.

685 1697 693 1714 ι

674 1743 711 1832 s

183 1837 287 1916 Magna
304 1857 387 1896 nunc
406 1842 507 1896 Romae
525 1851 568 1896 est
587 1839 777 1920 pessimorum
795 1839 952 1896 multitudo
969 1838 1135 1908 hominum,
1152 1837 1221 1912 qui,

144 1930 227 1986 vultu
249 1942 277 1986 et
299 1951 438 1990 sermone
459 1933 581 2010 speciem
598 1933 744 2010 sapientia
766 1951 798 1990 ac
814 1932 930 1988 virtutis
952 1949 1011 2006 pra
1032 1949 1062 1986 se
1082 1931 1221 2020 serentes,

145 2023 228 2096 vitia,
243 2026 349 2100 quibus
363 2027 420 2104 ipsi
437 2027 589 2105 indulgent
604 2047 690 2104 qnam
707 2028 846 2098 maxime,
867 2027 963 2084 verbis
978 2026 1125 2102 poenisque
1140 2025 1224 2082 casti-

145 2128 231 2191 gant,
249 2118 344 2176 tristes
360 2119 392 2174 in
413 2119 548 2194 publico,
567 2120 648 2178 dorni
662 2121 805 2190 obscoeni,
822 2139 851 2176 v.
872 2119 976 2176 1-28.
996 2120 1098 2192 Neque
1118 2117 1149 2176 id
1168 2117 1225 2172 mi-

145 2227 230 2264 rum:
247 2230 315 2266 nam
335 2211 533 2286 perniciosum
554 2213 639 2286 hujus
655 2213 845 2271 simulationis
866 2214 1028 2288 exemplum
1044 2211 1179 2285 Princeps
1195 2221 1224 2266 et

148 2303 259 2360 Censor
282 2325 414 2376 serenas,
440 2307 550 2383 tragico
572 2327 666 2382 nuper
684 2309 813 2382 pollutus
831 2305 992 2375 adulterio,
1015 2305 1121 2374 edidit,
1144 2303 1225 2377 quod

147 2397 278 2454 certatim
293 2397 445 2454 imitantur
454 2411 598 2458 senatores
607 2419 639 2456 ac
649 2400 778 2470 nobiles,
793 2399 844 2473 qui
858 2397 1009 2456 muliebria
1023 2408 1079 2452 tam
1090 2395 1224 2454 facientes

148 2509 237 2564 qnam
252 2493 408 2566 patientes,
429 2504 458 2548 et
474 2492 570 2552 sericis
591 2492 804 2568 perlucidisque
818 2492 946 2548 vestibus
963 2490 1057 2546 induti
1073 2489 1224 2546 mollitiem

148 2596 245 2640 umen
258 2587 352 2642 acrius
367 2587 531 2660 increpant,
546 2607 575 2644 v.
589 2589 715 2662 29—78.
728 2589 842 2644 Horum
856 2585 991 2661 contagio
1005 2585 1142 2657 cujusque
1156 2603 1224 2640 mox

149 2677 262 2732 ordinis
272 2689 302 2733 et
313 2697 397 2735 sexus
408 2680 540 2736 homines
552 2681 659 2750 trahet,
674 2699 702 2736 v.
716 2677 829 2749 78—81
847 2699 854 2733 :
869 2677 923 2751 ipsi
937 2695 1008 2734 vero
1020 2676 1180 2751 paullatim,
1191 2686 1225 2731 ut

150 2770 238 2845 vulgo
261 2769 311 2839 lit,
332 2770 432 2827 abilin
449 2771 628 2846 turpitudine
649 2772 686 2828 ad
706 2770 844 2844 majorem
865 2770 1052 2838 delabentur,
1071 2779 1099 2824 et
1111 2769 1141 2823 in
1154 2786 1225 2824 con·

150 2863 272 2918 sortium
282 2863 425 2920 loedorum
437 2864 679 2942 muliebriumque
690 2865 868 2940 recipientur
876 2864 1023 2934 virorum,
1036 2862 1100 2937 qui,
1110 2881 1224 2930 sexum,

150 2955 300 3024 babitmn,
322 2967 474 3024 ornatum,
496 2957 625 3024 vultum,
650 2955 729 3010 vocis
750 2955 907 3010 exilitatem
925 2956 1123 3028 incessumque
1144 2952 1226 3010 lemi-

150 3064 252 3104 narum
273 3045 459 3114 mentientes,
479 3065 556 3104 sacra
575 3048 661 3104 Bonae
682 3049 748 3104 Deae
771 3048 931 3116 celebrant;
956 3058 1000 3116 et,
1022 3045 1147 3104 Othonis
1169 3046 1225 3102 im-

151 3136 294 3209 peratoris
315 3139 464 3212 exemplo,
490 3139 519 3194 in
542 3138 610 3212 ipsis
634 3139 732 3196 castris
751 3141 797 3196 vel
814 3140 935 3214 speculis
953 3149 1092 3207 utuntur,
1109 3140 1156 3194 vel
1182 3137 1225 3193 sa-

151 3229 224 3286 ciem
249 3229 347 3286 linunt
369 3249 443 3306 panc
468 3231 602 3302 madido,
622 3251 650 3286 v.
667 3233 813 3300 82—114.
829 3235 896 3290 Non
918 3233 1021 3290 desunt
1043 3231 1143 3300 etiam,
1167 3231 1226 3286 beu

151 3321 246 3378 nefas!
266 3321 340 3392 viri,
355 3321 435 3397 iique
450 3343 561 3380 summo
578 3323 642 3378 loco
660 3323 733 3390 nati,
756 3344 788 3380 ne
804 3325 980 3392 sacerdotes,
1003 3323 1053 3397 qui
1071 3323 1136 3378 data
1157 3323 1226 3380 dote

152 3413 222 3470 viris
237 3415 371 3484 nubunt,
385 3416 512 3492 nihilque
524 3416 612 3492 magis
629 3416 744 3487 dolent,
755 3437 840 3492 quam
855 3419 935 3492 quod
947 3428 1094 3490 nequeunt
1107 3435 1225 3491 parere,

151 3521 180 3558 r.
195 3503 361 3572 rifi-142.
374 3506 462 3576 Quod
476 3517 567 3563 tamen
577 3507 707 3564 omnium
722 3509 915 3584 turpissimum
931 3521 972 3564 est
989 3527 1020 3564 ac
1035 3520 1172 3582 portento
1186 3507 1225 3568 sl·

154 3594 234 3666 mile,
256 3597 355 3666 viros,
381 3616 485 3672 genere
501 3609 531 3656 et
546 3599 713 3667 nobilitate,
730 3599 814 3674 hujus
828 3601 951 3656 civitatis
968 3599 1048 3656 larile
1063 3599 1225 3673 principes,

153 3707 213 3744 non
222 3689 315 3763 pudet
324 3689 515 3766 gladiatorum
525 3731 532 3759 ‚
544 3703 573 3749 et
583 3693 629 3748 vel
640 3691 838 3760 retiariorum,
848 3693 898 3766 qui
909 3693 986 3748 nuda
995 3691 1067 3749 lacie
1080 3701 1224 3766 pugnant,

151 3795 245 3857 partes
257 3803 360 3860 agere,
374 3803 402 3840 v.
419 3785 584 3854 143-148.
599 3786 670 3856 Qua
683 3794 812 3842 monstra
822 3784 971 3842 bominum
981 3827 989 3854 ,
1001 3785 1024 3840 si
1036 3803 1105 3840 vera
1116 3793 1225 3854 essent,

152 3897 213 3951 qua
224 3879 263 3938 de
273 3877 409 3936 Manibus
422 3889 450 3934 et
461 3879 559 3936 inseris
568 3889 659 3954 poetae
670 3878 851 3948 fabulantur,
864 3877 1011 3954 adspicere
1022 3877 1092 3933 olim
1101 3877 1132 3932 in
1145 3879 1225 3934 Orco

149 3971 305 4028 horrerent
321 3970 421 4040 Curii,
437 3970 578 4042 Fabricii,
592 3971 698 4047 aliique.
714 3981 845 4046 spectata
858 3971 973 4028 virtutis
989 3970 1060 4040 viri,
1081 3989 1109 4026 v.
1127 3979 1225 4044 149—

155 4061 215 4120 158.
228 4063 318 4134 'Quid
332 4062 411 4120 enim
426 4062 564 4138 prodest,
586 4063 739 4138 imperium
756 4073 889 4120 nostrum
905 4062 985 4118 orbis
1001 4074 1144 4120 terrarum
1165 4072 1225 4118 ter-

151 4155 233 4214 minis
258 4154 392 4226 definiri,
418 4156 442 4212 si
462 4155 600 4214 barbaros
619 4158 761 4233 populos,
787 4175 860 4233 quos
876 4155 997 4214 vicimus
1014 4157 1113 4227 armis,
1137 4155 1223 4214 etiam
