3108 4986
316 390 378 457 238
587 395 628 456 D.
657 391 796 457 IUNII
824 391 1108 459 JUVENALIS

278 507 281 512 ’
363 508 436 575 Nec
452 505 571 574 melior
585 504 695 592 vultu,
713 506 864 599 quamvis
880 505 1053 600 ignobilis,
1070 509 1139 578 ibat

314 616 478 700 Rubrius,
495 614 632 684 offensae
648 617 771 685 veteris
788 639 864 684 reus
880 630 980 712 atque
996 618 1163 704 tacende,
1337 633 1387 684 ιο5

313 728 357 795 Et
372 740 484 794 tamen
501 725 687 820 improbior
700 726 836 796 satiram
852 725 1020 794 scribente
1037 726 1177 796 cinaedo.

315 835 470 904 Montani
487 859 621 929 quoque
637 849 757 904 venter
773 835 867 904 adest
882 833 1059 903 abdomine
1076 836 1204 922 tardus,

314 949 358 1014 Et
373 945 538 1014 matutino
554 945 676 1014 sudans
692 945 868 1040 Crispinus
883 969 1034 1032 amomo,

314 1059 489 1146 Quantum
505 1057 561 1122 vix
577 1055 731 1124 redolent
746 1056 813 1125 duo
830 1055 967 1141 lunera3
984 1055 1103 1124 saevior
1120 1054 1177 1126 illo

315 1166 495 1259 Pompeius
511 1165 605 1233 tenui
619 1163 755 1260 jugulos
771 1167 902 1260 aperire
918 1188 1076 1250 susurro,

317 1279 374 1360 Et,
391 1276 449 1369 qui
465 1273 654 1342 vulturibus
670 1275 823 1344 servabat
838 1278 968 1344 viscera
983 1276 1098 1362 Dacis,

317 1388 459 1470 Fuscus,
476 1408 664 1452 marmorea
678 1384 858 1453 meditatus
874 1383 989 1479 prolia
1005 1381 1100 1468 villa,

317 1499 360 1563 Et
376 1519 452 1564 cum
470 1493 646 1562 mortifero
663 1492 811 1586 prudens
827 1495 973 1562 Veiento
988 1490 1135 1576 Catullo,

316 1605 385 1694 Qui
401 1626 587 1697 numquam
602 1604 682 1672 visas
699 1602 863 1698 flagrabat
878 1627 991 1673 amore
1008 1599 1147 1696 puellae,
1343 1618 1389 1674 1¹4

317 1713 456 1784 Grande
468 1726 502 1780 et
513 1711 734 1806 conspicuum
746 1727 863 1780 nostro
875 1735 1010 1806 quoque
1022 1705 1388 1804 temporemonstruml

317 1829 434 1896 Caecus
450 1821 620 1907 adulator,
635 1823 796 1916 dirusque
811 1847 832 1892 a
847 1838 951 1916 ponte
967 1821 1115 1907 satelles,

319 1936 450 2029 Dignus
466 1931 623 2000 Aricinos
640 1932 698 2025 qui
714 1931 923 2000 mendicaret
938 1930 980 1999 ad
997 1955 1088 2017 axes,

318 2044 510 2137 Blandaque
527 2041 661 2110 devexa
675 2041 819 2132 jactaret
834 2043 924 2110 bosia
939 2041 1037 2111 reda.

319 2156 430 2222 Nemo
446 2152 552 2248 magis
569 2150 749 2218 rhombum
765 2152 894 2246 stupuit
913 2177 920 2220 :
938 2175 1016 2220 nam
1032 2150 1177 2245 plurima
1194 2152 1276 2222 dixit

363 2380 427 2440 rol.
448 2373 508 2428 Nec
522 2369 617 2426 miuus
631 2369 741 2442 pallido
753 2411 762 2439 ‚
780 2388 866 2444 quasa
878 2369 921 2426 illi
933 2370 1061 2438 nobiles,
1080 2371 1179 2440 vultu,
1191 2371 1323 2446 quamvis
1333 2371 1393 2444 ple·

319 2461 416 2532 beius,
428 2462 596 2518 accurrebat
607 2460 750 2531 Rubrius,
762 2481 866 2537 nempe
876 2462 1004 2520 oriminis
1016 2461 1086 2520 olim
1097 2463 1229 2533 admissi,
1240 2473 1269 2520 et
1277 2461 1392 2520 silentio

319 2553 490 2630 premendi,
515 2571 612 2626 poenas
629 2553 735 2610 merito
752 2553 874 2624 timens3
893 2564 922 2612 et
940 2565 1036 2610 tamen
1052 2555 1144 2610 multo
1162 2555 1247 2630 pejor
1262 2555 1393 2620 cibario,

319 2648 370 2722 qui
388 2657 490 2704 contra
510 2645 634 2701 cinaedos
658 2643 772 2700 satiram
792 2646 944 2704 scribebat.
971 2646 1062 2704 Adest
1082 2646 1142 2722 ipse
1165 2667 1283 2722 quoque
1305 2649 1393 2706 Mou-

320 2749 421 2808 tanus,
442 2739 491 2794 vix
511 2737 656 2794 abdomen
677 2737 804 2810 amplum
822 2748 851 2793 et
868 2739 942 2795 beue
961 2738 1068 2796 tarum
1084 2741 1216 2810 trabens;
1239 2751 1268 2797 et
1285 2739 1392 2814 Crispi-

319 2851 373 2888 nus
389 2841 535 2907 unguents
554 2831 652 2895 olens,
672 2829 778 2902 quibos
791 2847 875 2886 mane
892 2829 984 2886 fuerat
998 2829 1158 2898 delibutus,
1173 2843 1314 2906 quantum
1327 2849 1392 2888 ooo

319 2924 432 2982 diendis
444 2923 558 2980 duobus
567 2920 754 2980 cadaveribus
765 2921 832 2976 satis
840 2932 922 2976 esset.
931 2921 1021 2978 Adest
1029 2922 1115 2980 etiam
1123 2923 1276 2998 Pompeius
1284 2923 1392 2994 auur,

320 3016 454 3089 Crispino
467 3014 614 3070 crudelior
624 3011 663 3070 ad
671 3011 804 3068 homines
815 3012 1009 3070 delationibus
1019 3013 1050 3070 in
1063 3015 1179 3072 Caesaris
1190 3035 1290 3074 aurem
1301 3015 1392 3074 instil-

319 3108 382 3163 latis
401 3107 590 3184 jugulandum
615 3124 667 3162 nec
689 3124 750 3162 non
771 3107 922 3162 Cornelius
936 3109 1062 3178 Fuscus,
1083 3109 1134 3182 qui
1153 3109 1275 3166 inbello
1290 3119 1393 3168 coum

319 3201 414 3256 Dacos
429 3198 615 3273 postmodum
629 3196 804 3254 occidendus
822 3210 899 3267 erat,
914 3199 1011 3272 opima
1023 3199 1173 3258 vulturum
1190 3201 1303 3275 praeda,
1325 3201 1393 3260 licet

319 3302 410 3348 artem
429 3290 560 3348 bellicam
580 3289 611 3346 iu
629 3289 698 3344 villa
715 3289 895 3346 ornatissima
916 3308 968 3364 per
986 3290 1080 3346 otium
1101 3293 1250 3350 umbratili
1270 3292 1393 3350 medita·

318 3383 399 3440 tione
414 3383 567 3440 didicisset.
581 3381 671 3438 Adest
682 3400 747 3438 eum
761 3382 899 3457 prudenti
910 3381 1071 3450 Veientone
1082 3383 1225 3454 Catullus,
1236 3385 1287 3458 qui
1295 3383 1394 3440 multis

320 3474 439 3532 exitium
453 3475 564 3530 solebat
580 3472 702 3542 afferre,
723 3474 774 3546 qui
787 3473 934 3550 virginum
950 3493 1098 3548 nunquam
1118 3486 1297 3550 aspectamus
1311 3475 1394 3548 cupi·

320 3568 387 3628 dine
403 3567 522 3626 ardebat
542 3588 548 3622 :
570 3577 734 3624 monstrum
754 3565 896 3635 immane,
916 3585 948 3622 ar
968 3566 1075 3624 uostris
1093 3566 1178 3624 etiam
1194 3567 1393 3642 temporibus,

320 3660 426 3735 quibus
435 3657 532 3716 omnia
542 3669 678 3733 portenta
687 3659 825 3716 scelerum
835 3657 1057 3733 vulgarium,
1069 3658 1287 3717 adrnirandum!
1296 3659 1394 3716 Homo

319 3764 442 3827 propter
457 3750 604 3826 pestiferas
619 3749 797 3808 adulationes
813 3749 942 3820 infamis,
961 3762 1086 3824 utroque
1103 3761 1202 3824 eaptus
1217 3749 1322 3818 mlo,
1343 3748 1394 3822 qui

321 3845 402 3904 dinis
426 3843 605 3920 imperatorii
627 3842 735 3900 furoris
757 3841 925 3900 administer
943 3853 1087 3902 evaoerrt.
1110 3860 1200 3915 quum
1220 3851 1303 3898 antea
1323 3850 1396 3898 esset

321 3937 485 4004 mendicus,
509 3937 607 4011 quales
627 3935 659 3994 iu
681 3935 814 4009 pontium
839 3933 1036 4008 crepidinibus
1057 3933 1151 3990 solent
1173 3931 1344 4002 considere,
1362 3951 1395 3988 ac

322 4029 426 4104 dignus
445 4028 496 4102 qui
515 4029 618 4102 stipem
637 4047 654 4084 a
673 4025 771 4084 rhedis
792 4025 899 4084 clivum
919 4025 1070 4084 Aricinum
1089 4024 1331 4099 praetereuntibus
1347 4041 1396 4080 ro·

323 4120 442 4194 gitaret,
467 4131 495 4174 et
520 4120 625 4174 blanda
648 4119 744 4174 oscula
768 4117 902 4174 curribus
921 4117 1024 4192 rapide
1049 4115 1288 4176 descendentibus
1306 4134 1395 4172 manu
