3108 4986
1201 355 1215 402 b

477 459 664 523 surius
687 457 898 540 Quium.
1161 459 1221 546 293

147 569 213 657 Qui
234 571 365 666 tegitur
381 597 498 667 parma
514 588 548 641 et
564 573 673 667 galea,
690 590 911 669 metuensque
931 575 1052 670 llagelli

147 681 255 750 Discit
271 683 314 752 ab
331 684 462 753 hirsuto
476 684 627 777 jaculum
645 700 804 778 torquere
821 684 966 779 Capella.
1173 702 1220 754 155

193 793 353 862 Forsitan
370 795 529 888 impensae
543 796 725 862 Virronem
741 819 882 890 parcere
900 796 1027 864 credas.

147 902 219 969 Hoc
234 903 326 996 agit,
342 917 381 971 ut
396 903 508 978 doleas
525 929 533 970 :
551 928 629 970 nam
646 927 720 996 qum
738 902 918 988 comoedia,
934 905 1056 973 mimus

144 1008 226 1096 Quis
242 1010 367 1080 melior
383 1010 537 1106 plorante
557 1009 656 1106 gula?
670 1013 762 1106 Ergo
779 1013 892 1080 omnia
907 1013 1011 1098 fiunt,

145 1119 177 1186 si
195 1122 327 1209 nescis,
344 1139 383 1192 ut
399 1149 461 1218 per
478 1123 639 1217 lacrymas
657 1122 834 1191 effundere
850 1124 954 1197 bilem

144 1233 303 1326 Cogeris,
320 1259 504 1329 pressoque
523 1234 581 1302 diu
598 1233 740 1303 stridere
758 1235 889 1303 molari.
1169 1255 1217 1305 reo

143 1341 191 1407 Tu
208 1343 273 1410 tibi
291 1342 375 1411 liber
391 1344 511 1429 bomo,
529 1357 563 1411 et
580 1344 667 1438 regis
684 1345 827 1412 conviva
843 1345 978 1414 videris.

144 1452 291 1546 Captum
309 1467 342 1521 te
358 1454 478 1522 nidore
495 1481 561 1523 suae
579 1470 675 1549 putat
691 1453 746 1522 ille
764 1455 904 1543 culinae3

144 1559 215 1628 Nec
232 1561 323 1630 male
340 1563 528 1656 conjectat:
547 1564 621 1658 quis
637 1565 729 1632 enim
746 1580 813 1634 tam
829 1565 955 1654 nudus,
970 1581 1009 1634 ut
1026 1565 1120 1634 illum

143 1671 194 1738 Bis
214 1671 323 1758 serat,
340 1675 521 1742 Etruscum
537 1696 644 1766 puero
661 1674 687 1742 si
705 1675 848 1770 contigit
863 1701 1001 1761 aurum,

142 1782 201 1850 Vel
218 1783 333 1851 nodus
347 1797 496 1868 tantum,
513 1798 547 1851 et
563 1784 697 1878 signum
713 1783 755 1852 de
771 1809 919 1879 paupere
936 1784 1032 1854 loro?
1167 1803 1216 1855 165
1243 1849 1244 1854 ,

83 1939 85 1943 -
141 1897 223 1988 Spes
239 1895 330 1962 bene
347 1894 502 1964 coenandi
519 1919 579 1964 vos
596 1894 732 1988 decipit.
747 1898 836 1962 Eece
853 1895 946 1963 dabit
958 1896 1028 1987 jam

140 2006 315 2073 Semesum
334 2003 500 2099 leporem,
518 2018 617 2097 atque
633 2002 759 2096 aliquid
775 2002 818 2069 de
835 2001 991 2071 clunibus
1007 2003 1092 2098 apri.

142 2115 189 2182 ld
207 2139 273 2182 nos
287 2114 357 2208 jam
375 2113 489 2181 veniet
504 2114 617 2182 minor
635 2113 744 2182 altilis.
762 2114 847 2182 Inde
864 2129 997 2207 parato,

140 2331 208 2388 teeti
223 2349 325 2405 parma
340 2341 367 2386 et
386 2330 467 2406 galea
483 2329 646 2386 corrodunt
661 2328 817 2399 incastris,
832 2328 902 2384 dum
916 2329 979 2384 lora
994 2339 1153 2386 metuentes
1167 2348 1215 2386 ar-

139 2435 197 2480 tem
208 2421 338 2478 librandi
345 2421 433 2494 jaculi
443 2439 648 2493 armorumque
659 2420 878 2476 tractandorum
895 2420 1038 2478 docentur
1049 2420 1085 2476 ab
1101 2421 1214 2479 hirsuto

138 2517 237 2592 aliquo
252 2514 440 2585 centurione,
455 2514 563 2570 scilicet
577 2511 699 2585 Capella.

181 2608 248 2664 156.
270 2609 372 2681 Neque
390 2625 461 2662 vero
480 2603 636 2662 credideris
658 2603 814 2660 Virronem
834 2605 895 2660 baec
917 2605 1010 2662 facere
1032 2607 1213 2680 parcimoniae

139 2699 263 2757 studio:
287 2699 344 2754 boc
365 2715 457 2753 unum
479 2696 534 2771 ipsi
551 2696 733 2771 propositum
749 2706 808 2763 est,
833 2708 866 2752 ut
885 2707 913 2753 te
931 2697 1057 2766 cruciet,
1076 2717 1109 2754 oc
1126 2701 1213 2756 volu·

139 2804 247 2868 ptatem
270 2810 307 2847 ex
328 2800 380 2846 tuo
400 2788 503 2845 dolore
522 2786 622 2861 capiat.
642 2787 727 2844 Enim
746 2807 819 2844 vero
837 2788 901 2863 quis
920 2787 1022 2846 histrio
1036 2789 1211 2864 jucundior,

140 2905 202 2962 que
217 2883 360 2942 comoedia
378 2881 510 2939 festivior
522 2899 581 2936 esse
602 2891 697 2955 potest
711 2881 763 2937 illo
783 2884 960 2958 spectaculo,
980 2883 1061 2957 quod
1074 2885 1214 2958 parasitus

140 2990 264 3055 propter
279 2977 383 3032 famem
399 2975 516 3050 plorans
531 2973 662 3048 prebet?
679 2973 833 3050 sicigitur
849 2976 971 3045 habeto,
991 2976 1016 3030 si
1031 2974 1140 3046 nescis,
1156 2988 1214 3034 tam

139 3074 274 3150 indignas
295 3087 389 3125 avarae
407 3087 492 3125 coenae
510 3065 626 3136 sordes,
646 3078 693 3125 tot
713 3069 900 3126 contumelias
916 3088 951 3126 eo
969 3070 1095 3144 denique
1115 3089 1215 3129 omncs

140 3164 305 3240 pertinere,
320 3171 354 3217 ut
372 3159 460 3215 bilem
476 3177 508 3214 ac
529 3159 708 3214 stomachum
725 3159 778 3214 tibi
797 3172 949 3230 moveant,
965 3173 1014 3231 ut,
1028 3161 1060 3218 in
1075 3163 1214 3239 lacrymas

140 3273 353 3332 prorumpens,
368 3251 537 3326 compressis
552 3249 686 3306 dentibus
701 3251 824 3308 stridere
838 3251 889 3308 diu
904 3263 933 3308 et
946 3253 1069 3310 fremere
1084 3255 1213 3330 cogaris,

141 3361 227 3424 atque
243 3348 283 3402 ita
296 3343 457 3401 ludibrium
469 3342 505 3397 de
520 3352 548 3397 te
563 3342 641 3397 dare.
657 3341 758 3398 Credis
774 3354 802 3399 te
815 3344 924 3400 seilicet
937 3344 1084 3400 bominem
1099 3346 1214 3422 egregie

139 3443 283 3511 liberum,
294 3445 324 3495 et
332 3436 439 3495 nobilis
449 3433 560 3492 domini
570 3433 739 3501 convivam
750 3433 799 3491 ille
807 3436 966 3492 arbitratur
975 3448 1003 3493 te
1012 3456 1123 3493 memm
1131 3457 1216 3512 para-

141 3536 246 3602 situm,
264 3531 316 3606 qui
332 3529 466 3586 ciborum
482 3526 603 3582 odorem
618 3535 770 3599 sequutus,
791 3545 918 3584 mensam
933 3547 1013 3584 suam
1029 3541 1145 3604 captes:
1161 3548 1214 3585 nec

142 3631 214 3685 male
230 3624 412 3701 suspicatur:
427 3640 513 3697 quem
528 3618 605 3676 enim
620 3618 701 3674 dabis
716 3619 802 3689 mihi,
817 3631 873 3676 tam
890 3620 1023 3696 inopem,
1039 3622 1062 3678 si
1078 3621 1166 3677 modo
1178 3621 1216 3676 sit

141 3725 269 3799 ingenuo
278 3730 309 3776 et
314 3719 438 3773 honesto
447 3716 513 3771 loco
525 3725 623 3784 natus,
634 3712 684 3787 qui
693 3732 809 3770 auream
819 3713 928 3771 bullam
935 3734 1017 3772 more
1025 3715 1062 3772 ab
1069 3714 1216 3772 Hetruscis

140 3826 258 3889 accepto
269 3829 344 3887 puer
354 3807 487 3886 gesserit,
501 3817 550 3862 aut
562 3805 692 3862 libertini
702 3805 801 3862 saltem
815 3804 909 3876 fitius,
924 3808 974 3882 qui
985 3810 1051 3865 loro
1062 3808 1093 3864 in
1104 3807 1216 3864 nodum

143 3910 264 3966 collecto
276 3924 333 3982 pro
348 3903 428 3959 bulla
439 3919 507 3958 usus
522 3899 629 3956 fuerit:
647 3917 733 3972 quem
745 3898 842 3968 dabis,
857 3898 992 3974 inquam,
1007 3901 1079 3957 adeo
1092 3900 1217 3957 fortunis

144 4000 277 4056 omuibus
293 3995 480 4064 destitutum,
497 3991 548 4065 qui
563 4011 580 4045 a
594 3989 720 4046 Virrone
738 4001 795 4045 tam
816 3989 942 4064 turpiter
957 3993 1044 4048 semel
1061 4003 1218 4063 tractatus,

144 4092 179 4148 ad
193 4113 258 4150 enm
271 4091 380 4146 iterum
393 4086 512 4160 ejusque
526 4100 635 4139 coerram
646 4081 745 4138 redeat
756 4081 768 4135 l
781 4082 840 4138 Sed
851 4081 937 4139 video
949 4083 1020 4157 quid
1030 4103 1082 4142 vos
1093 4083 1218 4141 alliciat:

145 4184 268 4260 opipara
292 4197 381 4236 ooenae
405 4195 468 4253 spes
488 4193 541 4232 vos
563 4173 652 4231 ducit.
673 4175 718 4230 En
739 4173 823 4230 brevi
841 4175 943 4250 nobis,
963 4175 1098 4252 inquitis,
1116 4177 1218 4236 semesi
