3134 4990
335 369 398 456 592
491 364 662 432 vatum
685 349 975 428 nncitottns
998 366 1060 428 nr
1083 365 1236 430 Nouia

365 484 454 533 Anas.
477 483 621 544 ted-149.
639 476 707 528 Tam
720 476 803 529 tristis
813 475 894 530 etiam
905 489 932 529 et
944 476 1037 548 iniqua
1048 489 1089 531 est
1100 477 1223 531 conditio
1233 478 1391 532 eaussidico·

330 581 390 616 rum
402 573 630 634 patronorumque
644 577 756 624 causae,
768 570 798 610 nt
811 577 844 611 ex
857 559 909 612 illis
920 577 975 611 non
986 559 1038 612 nisi
1046 560 1079 623 is,
1089 560 1135 631 qui
1145 561 1267 620 AEmils'm,
1278 559 1328 612 bec
1337 573 1392 624 est,

330 644 406 700 dives
417 663 449 700 ac
460 641 556 698 nobilia
564 642 608 695 rel
617 643 667 706 sit,
677 642 718 694 vel
726 641 866 708 habeatnr,
875 653 902 696 et
915 659 942 694 se
951 660 1009 695 esse
1022 642 1142 705 simulet,
1156 640 1254 696 doctus
1264 658 1296 693 ae
1304 641 1391 695 iamn-

331 726 382 780 dns
394 745 451 781 esse
461 723 597 788 credatur,
611 735 637 776 et
647 724 712 778 bine
725 725 835 796 praemia
847 737 967 790 tantum,
980 737 1051 778 certe
1065 725 1191 789 maxima,
1203 724 1300 796 capiat.

366 821 434 874 Non.
455 821 602 884 tri-128.
626 821 716 873 Verba
729 839 878 892 pauperum
891 819 1081 893 patronorum,
1097 821 1131 874 de
1142 821 1253 893 indigna
1265 834 1336 874 sorte
1349 839 1394 874 sus

331 905 508 978 querentium.
523 903 613 956 Verba
625 917 742 972 quaestum
752 907 817 967 licet,
832 921 890 976 qum
901 922 979 958 nemo
989 905 1180 977 interpretum,
1192 915 1329 976 quotquot
1338 923 1398 958 oon·

332 990 401 1042 sului
408 1028 416 1054 ,
429 988 583 1060 explicarit,
596 985 649 1040 boc
662 987 723 1042 loco
737 987 873 1059 aptissima
885 1001 957 1042 sunt.
969 989 1041 1059 Lege
1051 988 1147 1041 Cinoia
1159 986 1194 1042 de
1205 987 1285 1040 donis
1297 1005 1330 1039 ae
1343 1005 1398 1039 mu·

331 1073 450 1134 neribus,
465 1090 490 1125 a.
503 1073 536 1124 U.
548 1071 578 1124 C.
589 1074 649 1134 600,
660 1089 676 1124 a
686 1071 831 1125 M.-Cincin
841 1070 974 1124 Alimento
984 1071 1046 1124 trib.
1054 1071 1090 1142 pl.
1102 1071 1163 1135 lats,
1173 1071 1397 1142 prmteraliaeau·

331 1169 403 1220 tum,
415 1154 518 1227 nequis
532 1154 566 1207 ob
578 1171 697 1208 cauatam
708 1153 838 1207 orandam
851 1153 952 1206 donum
965 1171 1094 1208 munusve
1106 1166 1223 1226 capetet·
1240 1153 1280 1207 Eu
1291 1173 1399 1226 qnoque

330 1240 374 1294 lex
385 1238 419 1294 ad
428 1237 569 1292 avaritiam
578 1249 751 1309 patronorum
761 1236 932 1310 donandique
942 1236 1097 1290 facilitatem
1106 1235 1298 1301 coercendam,
1311 1238 1335 1289 si
1345 1255 1399 1290 nou

332 1324 412 1386 satis,
427 1333 498 1374 certe
508 1319 622 1373 multum
631 1321 717 1374 valere
730 1332 836 1392 poterat
843 1319 1010 1390 temporibus
1020 1319 1109 1373 liberas
1119 1319 1157 1372 rei
1168 1317 1293 1392 publice,
1304 1319 1400 1391 quibus

333 1403 450 1457 oratoria
461 1415 518 1456 arte
530 1402 575 1456 uia
588 1401 623 1455 ad
636 1402 749 1474 gratiam
760 1401 832 1474 apud
844 1404 973 1475 populum
987 1401 1059 1456 etad
1071 1402 1188 1456 bonores
1201 1401 1397 1455 muniebantur.

333 1488 422 1552 Quum
437 1503 504 1538 vero
518 1485 606 1538 omnis
622 1486 755 1538 bonorum
774 1505 833 1557 apes
850 1487 885 1538 ab
900 1486 1094 1558 Imperatorum
1112 1486 1198 1557 gratia
1213 1483 1357 1556 penderet,
1374 1497 1399 1538 et

331 1571 420 1623 nullus
437 1570 492 1623 fere
510 1568 612 1622 fruetus
629 1579 768 1640 caperetur
786 1588 818 1623 er
837 1569 1005 1640 patrocinio;
1022 1569 1083 1640 quis
1101 1569 1158 1622 sine
1174 1569 1337 1634 honorario,
1355 1585 1399 1622 ant

331 1651 454 1706 mercede
465 1650 605 1723 gratuitam
614 1650 755 1706 clientibus
765 1651 1036 1723 praeetaretoperami
1044 1651 1114 1703 ilino
1123 1654 1181 1724 jam
1190 1649 1319 1704 Claudius
1330 1652 1396 1723 Imp.

332 1734 404 1788 dona
415 1749 442 1789 et
452 1747 542 1807 petere
554 1747 581 1787 et
594 1733 658 1787 dare
669 1735 808 1805 permisit,
824 1735 894 1790 iacto
909 1755 933 1789 a.
948 1737 983 1788 U.
997 1735 1028 1788 C.
1038 1735 1142 1789 DCCC.
1154 1735 1224 1788 seeo
1238 1734 1398 1798 Claudiano,

332 1839 387 1892 quo
396 1817 534 1890 «pecuniis
542 1817 578 1869 ob
590 1835 696 1870 caussas
707 1817 823 1870 orandas
831 1816 966 1890 capiendis
977 1817 1079 1888 positus
1089 1815 1185 1871 modus
1194 1836 1280 1888 usque
1289 1816 1399 1870 addens

336 1903 467 1964 sestertia,
478 1919 556 1972 quem
566 1901 695 1970 (modum)
706 1901 805 1972 egressi
815 1899 1021 1973 repetundarum
1032 1912 1208 1954 tenerentur·
1219 1900 1296 1954 Idem
1304 1899 1398 1956 deinde

334 1995 481 2039 sanxerunt
493 1982 565 2034 Nero
578 1993 606 2035 et
618 1983 766 2054 Trajanus,
784 1983 833 2035 uisi
848 1983 891 2036 ille
905 2001 959 2034 non
972 1982 1054 2034 etiam
1068 1983 1210 2035 terminum
1225 1983 1316 2054 quasi,
1332 1983 1398 2036 ultra

332 2091 413 2144 quem
430 2067 558 2143 progredi
571 2087 627 2121 non
639 2069 743 2132 liceret,
760 2067 807 2122 aed
822 2079 922 2122 certam
933 2067 1025 2139 potius
1037 2069 1190 2140 justamque
1207 2067 1352 2122 mercedem
1371 2069 1399 2120 in

332 2172 494 2227 unoquoque
504 2169 658 2206 caussarum
666 2169 761 2222 genere
768 2150 936 2205 constituisse
946 2150 1095 2204 censendus
1104 2166 1153 2206 est.
1163 2162 1172 2186 ¹
1183 2155 1397 2224 nequequam

333 2243 390 2292 lieet
399 2235 455 2291 soil.
468 2237 533 2290 dare
546 2235 703 2290 canssidieis
715 2255 746 2289 ac
759 2236 891 2308 patronis,
905 2247 968 2288 aunt
978 2235 1048 2290 dena
1061 2237 1190 2290 sestertia.
1204 2237 1360 2308 Designatur
1371 2249 1398 2289 et

333 2321 445 2376 avaritia
454 2335 480 2375 et
490 2319 637 2374 auctoritas
652 2320 775 2391 patroni,
790 2320 853 2392 qui,
864 2332 994 2391 quantum
1001 2320 1075 2385 licet,
1088 2332 1114 2372 et
1124 2321 1244 2392 postulat
1254 2333 1281 2372 et
1291 2321 1397 2391 accipit.

333 2407 459 2458 Etmelius
472 2415 559 2458 tamen
568 2422 616 2454 oon
632 2405 741 2472 egimus,
753 2403 956 2475 peroravimus,
969 2414 1000 2455 ut
1013 2421 1055 2458 vs.
1072 2421 1129 2456 trs.
1149 2403 1228 2458 Coni.
1242 2406 1309 2458 Ver.
1327 2406 1397 2457 leat.

369 2551 438 2597 Vsa.
461 2551 517 2598 ηδ.
536 2545 625 2596 Mmso
638 2546 692 2596 baec
702 2546 843 2596 adnotavit:
855 2547 901 2594 «Si
912 2547 974 2595 forte
985 2546 1076 2596 excidit
1089 2557 1145 2596 ante
1154 2546 1262 2613 ligimus,
1274 2559 1303 2595 nt
1314 2565 1403 2596 sensus

335 2631 382 2680 sit:
393 2629 490 2679 AEmillo
502 2628 601 2678 dabimt·
609 2643 710 2690 merces,
720 2641 836 2693 quantam
847 2647 894 2696 per
905 2630 969 2694 leges
978 2631 1048 2690 licet,
1061 2640 1146 2694 utpote
1156 2643 1259 2695 patrono
1267 2631 1402 2686 nobiliori,

335 2725 360 2762 et
370 2715 491 2774 maiorum
500 2712 638 2776 insignibus
647 2711 759 2773 clariori,
771 2712 816 2760 etsi
824 2729 870 2762 nos
883 2715 971 2763 melius
982 2729 1088 2762 caussam
1097 2713 1227 2764 diximus·
1237 2741 1270 2752 -
1278 2714 1403 2772 Alienus,

337 2799 378 2855 ²5,
392 2805 435 2858 49,
447 2796 488 2856 57,
502 2793 615 2854 tto-6³,
627 2792 739 2854 tte-os,
753 2809 795 2856 71,
811 2812 857 2857 pu,
873 2797 914 2857 73.
925 2797 990 2846 Vide
1001 2813 1073 2860 supra
1085 2797 1115 2844 ad
1125 2799 1178 2855 111,
1188 2795 1314 2846 28⁵..attt
1324 2801 1404 2863 suspi-

335 2880 386 2927 cari
399 2880 492 2944 possis:
505 2878 589 2926 currui
605 2876 671 2925 enim
686 2875 829 2941 triumphali
842 2887 948 2942 quatuor
958 2881 1127 2945 jungebantur
1141 2881 1191 2930 albi
1206 2881 1271 2945 equi
1289 2883 1338 2931 Sed
1350 2883 1402 2948 epta

334 2962 423 3010 theton
433 2959 482 3010 ates·
491 2959 638 3024 exquisitius
647 2968 691 3006 est.
701 2957 766 3006 Vide
778 2960 873 3008 Cotum.

369 3052 438 3104 Non.
460 3049 605 3104 tsi—128.
624 3047 797 3120 Signilicatnr
813 3046 938 3104 nobilitas
959 3051 1058 3104 AEmilii
1077 3053 1183 3124 patroni
1197 3066 1223 3106 et
1239 3067 1294 3108 tam
1309 3054 1400 3118 stulta,

335 3153 416 3208 quam
429 3133 522 3187 dolosa
535 3145 561 3186 et
575 3130 721 3186 alliciendis
733 3132 872 3187 clientibus
885 3133 1082 3189 accommodata
1095 3138 1152 3209 ejus
1163 3137 1313 3192 ostentatio.
1331 3133 1399 3190 Nota

335 3219 402 3272 seh.
413 3229 453 3271 est
466 3235 472 3270 :
493 3242 505 3264 ι
513 3217 604 3270 Stante
617 3235 647 3269 re
658 3216 768 3287 publica
778 3219 884 3290 patricii
895 3219 962 3286 soli,
975 3219 1077 3274 nobiles
1089 3236 1171 3292 atque
1181 3222 1278 3276 divites
1289 3223 1398 3294 plebeii,

336 3303 383 3374 qui
396 3300 431 3353 ad
443 3300 559 3353 bonores
574 3300 686 3371 provebi
699 3299 857 3367 studebant,
871 3303 1034 3375 pauperibus
1049 3304 1191 3358 clientibus
1203 3307 1309 3378 patroni
1322 3318 1400 3377 atque

335 3384 459 3438 advocati
471 3395 562 3448 erant,
574 3400 665 3436 eornm
676 3395 763 3454 partes
775 3389 802 3436 in
813 3384 873 3438 loro
882 3386 1007 3457 agebant,
1017 3386 1098 3458 idque
1108 3389 1198 3459 gratis.
1210 3393 1246 3443 At
1257 3391 1336 3462 lapsis
1348 3408 1400 3440 mo·

335 3467 408 3522 ribras
418 3479 445 3521 et
457 3465 601 3520 virtutibus
611 3484 672 3519 cum
681 3484 712 3519 re
722 3467 829 3538 publica
840 3469 940 3522 corruit
950 3469 1070 3542 ingenuae
1080 3471 1160 3543 hujus
1169 3471 1235 3525 attis
1248 3470 1399 3526 liberalitas.

335 3550 483 3606 Caussidici
496 3547 639 3622 professio,
652 3567 709 3620 qua
721 3549 829 3621 patroni
840 3567 1047 3624 perseuerantes
1060 3552 1146 3608 inerat
1156 3555 1302 3618 inherens,
1314 3555 1399 3626 Impe-

755 3723 845 3742 w'ww
846 3725 982 3744 uuuuuu

373 3851 383 3876 ¹
401 3843 466 3894 Vide
475 3845 723 3910 Lips.ad'1'sc.Ann.
734 3849 785 3908 x1‚
795 3849 846 3896 5-
890 3851 952 3913 lege
966 3849 1064 3910 Cincin,
1077 3867 1130 3915 cap.
1151 3860 1181 3909 t:
1194 3838 1337 3916 Scbnltingii
1350 3851 1395 3899 in·

340 3939 368 3984 73
387 3925 466 3989 intpp.
485 3926 547 3973 Plin.
564 3928 608 3990 Ep.
626 3927 658 3984 V,
675 3942 723 3984 ²¹3
740 3927 797 3976 Ern.
815 3928 847 3975 ad
890 3928 1079 3992 rispru'deutiatn
1095 3941 1203 3980 veterem
1224 3929 1395 3991 Antejnstinia-

337 4005 403 4050 Suet.
412 4003 505 4054 Neron.
517 4022 539 4054 c.
551 4022 580 4066 ¹7
590 4023 598 4064 ς
608 4006 679 4054 Bacb.
694 4006 720 4052 in
730 4007 847 4067 Traiano,
892 4023 976 4069 mam,
984 4025 1038 4074 pag.
1051 4012 1099 4073 ⁵9¹
1111 4027 1162 4076 seq.
1173 4023 1197 4059 et
1210 4013 1286 4060 Gron.
1295 4010 1325 4058 ds
1338 4011 1394 4057 Pee.

339 4097 395 4146 pap.
416 4098 466 4144 923
485 4085 620 4134 Brammer.
637 4086 800 4133 Comtnenter.
818 4085 849 4133 de
893 4091 987 4146 vet.11‚
999 4091 1022 4135 5.
