3130 4986
322 403 382 466 106
467 398 638 464 VARlAE
668 396 959 462 LECTIONES
990 397 1052 460 ET
1081 395 1234 461 NO'l'AE

316 532 392 564 caesns
406 525 449 563 est.
461 513 583 562 Mnmnia
600 514 681 578 199999
694 512 773 560 civem
786 513 861 574 liujus
872 513 956 574 99119,
974 513 1012 561 991
1027 513 1086 562 19919
1102 513 1232 562 9919991999
1248 509 1388 577 significet:

317 614 372 644 9999
388 599 466 662 poetis
481 599 581 646 solenne
597 594 724 656 999,119919
741 597 854 661 personis
866 597 944 644 91999
955 597 1086 646 nativitatis
1099 612 1190 644 9999999
1201 596 1344 660 imponere,
1361 602 1390 640 99

316 680 412 741 Sybaris
425 697 464 744 sp.
478 679 622 728 11999901.
635 684 663 739 1,
676 680 700 726 8.

574 805 578 816 .
591 806 597 817 .
610 806 615 816 .
628 807 631 815 .
643 771 743 830 Sybarin
755 785 799 816 999
809 783 924 831 properes
937 771 1038 817 99999919

672 845 865 890 Perderei....·
1310 843 1355 888 ns.

351 935 419 988 Non.
440 932 483 986 36.
497 937 538 983 Ex
550 937 599 986 illis
610 934 998 992 simulatoribus-dannaia,
1012 933 1107 986 mulier
1119 931 1252 1005 impudica
1264 943 1289 985 99
1300 930 1386 984 dicax.

315 1045 351 1056 -·
359 1017 495 1083 Quendam
507 1029 613 1075 tonum,
628 1034 766 1081 severum,
780 1015 826 1088 qni
839 1031 943 1086 semper
955 1017 1152 1088 temperantiam
1163 1016 1287 1087 crepabat
1299 1027 1325 1067 et
1336 1016 1389 1066 nin·

315 1113 414 1152 tutem:
427 1101 478 1154 nisi
489 1099 564 1153 999119
572 1104 682 1173 jungere
692 1103 837 1152 elasnantens
850 1113 956 1159 tonum,
969 1111 999 1151 ut
1009 1099 1079 1172 spud
1092 1099 1186 1171 virgil.
1200 1097 1304 1152 AEneid.
1316 1097 1386 1162 vn,

317 1184 367 1250 399
378 1204 385 1248 ;
398 1197 423 1235 et
433 1183 481 1236 Sil.
493 1184 534 1236 XI
544 1223 551 1248 ,
564 1199 597 1250 99
608 1203 615 1248 ;
627 1183 700 1255 quod
711 1183 778 1235 mihi
789 1195 926 1256 repugnat.
946 1182 997 1235 En.

351 1342 418 1388 Vsn.
438 1342 478 1401 37.
491 1341 544 1388 Lex
558 1357 638 1398 nune,
656 1343 696 1390 95.

352 1432 420 1484 Non.
436 1431 479 1500 37.
489 1437 541 1481 199
549 1435 616 1482 Iulia
624 1431 658 1484 de
667 1431 815 1492 adulteriis,
824 1431 880 1484 sine
887 1427 1015 1503 pudicitia
1025 1429 1202 1499 ,9911999999
1212 1445 1282 1494 ,9999
1292 1445 1306 1480 9
1316 1427 1389 1480 lulio

316 1515 434 1581 Cessare,
451 1515 500 1566 1999
511 1554 519 1579 ,
532 1513 605 1586 99991
618 1513 698 1568 hodie
713 1515 774 1567 satis
785 1526 877 1566 notum
891 1526 939 1566 est.
948 1541 983 1554 -
993 1515 1097 1573 099919,
1110 1529 1199 1564 noune
1209 1512 1263 1563 visn
1276 1509 1390 1583 emplius

317 1595 397 1648 ltnbes
410 1609 435 1647 et
447 1595 570 1649 exerces?
587 1615 650 1648 num
668 1596 796 1668 intptmitn
814 1596 925 1649 dimittis
937 1609 976 1648 tot
986 1595 1102 1649 scelera?
1118 1595 1243 1647 Similiter
1253 1596 1346 1664 [999199
1363 1607 1390 1646 et

310 1682 406 1746 pessuli
416 1682 536 1730 donninnt
546 1677 618 1750 npud
628 1679 742 1731 11999191,
757 1677 799 1740 X,
815 1679 866 1744 69,
884 1697 912 1731 ιι
925 1699 932 1745 ;
949 1678 1035 1732 Plaut.
1048 1679 1128 1731 Cure.
1141 1678 1171 1742 1,
1185 1695 1199 1728 9
1210 1717 1218 1742 ,
1229 1679 1279 1742 66,
1293 1688 1319 1729 99
1329 1691 1389 1748 que

316 1762 426 1833 propius
435 1762 489 1815 huc
498 1773 633 1834 99999999,
650 1761 1136 1845 19919999111991919,9991999919991
1154 1761 1181 1811 in
1195 1757 1262 1812 Pun'.
1277 1777 1301 1812 9.
1318 1776 1367 1810 999
1380 1777 1387 1810 :

317 1839 350 1919 <Ji
362 1832 571 1911 dasdaesps'nss,
592 1833 687 1909 niente
704 1838 727 1894 in
744 1837 822 1913 χρείᾳ
841 1832 884 1901 sit
905 1831 1004 1911 dltpn'a
1025 1855 1073 1892 999
1093 1833 1197 1908 siniam
1214 1830 1388 1911 9991111999,

316 1911 422 1988 'soem‘
445 1915 596 1990 Kupe‘sdes
617 1915 859 1993 919199999179999.

353 2067 418 2112 Vsu.
439 2067 480 2112 38.
495 2067 577 2130 Atque
589 2065 624 2112 ita
636 2064 770 2121 subridens,
789 2075 835 2125 99,
850 2082 888 2126 ι7,
904 2079 951 2126 99,
967 2080 1012 2124 9ο,
1027 2077 1074 2124 99,
1090 2065 1138 2123 96,
1155 2078 1201 2124 7ο,
1214 2064 1260 2123 75,
1276 2063 1324 2124 76,
1339 2063 1389 2120 89,

318 2159 341 2193 99
357 2149 409 2194 lix
424 2148 502 2196 Codd.
517 2149 592 2196 Pstis.
605 2148 650 2195 Ad
658 2165 727 2212 quem
741 2147 875 2205 subridens,
896 2163 942 2206 ιο,
957 2147 1002 2206 95,
1017 2147 1064 2204 93,
1082 2155 1132 2204 94,
1147 2148 1193 2202 95,
1206 2145 1322 2206 tsi-67,
1340 2146 1390 2208 69,

320 2240 436 2292 79-79,
451 2232 566 2292 77-89,
580 2241 604 2278 99
617 2231 717 2294 qnidam
728 2232 795 2278 Mss.
811 2232 885 2278 Paris.
899 2241 926 2278 nt
940 2246 978 2294 sp.
993 2230 1061 2294 Virg.
1075 2229 1171 2276 AEneid.
1185 2231 1226 2288 X,
1238 2238 1303 2290 749,
1315 2245 1390 2292 99999

317 2313 447 2361 lectionem
466 2314 594 2372 sevonevi,
614 2314 670 2377 9919
685 2325 708 2360 99
726 2314 823 2362 91999199
838 2325 891 2373 999,
911 2323 935 2360 99
948 2314 1099 2378 optimorum
1114 2311 1235 2360 librorum
1247 2311 1391 2360 99999919999

307 2395 447 2444 Ι1199999999
461 2397 511 2445 nisi
525 2397 586 2444 19999
602 2413 633 2444 ex
644 2397 732 2462 Vingil.
746 2397 763 2446 1.
781 2398 799 2446 1.
815 2397 918 2461 margini
932 2396 1068 2460 adscripta,
1087 2406 1111 2443 et
1126 2395 1204 2442 textui
1217 2394 1308 2442 deinde
1325 2393 1392 2442 111999

318 2479 397 2527 videri
407 2479 492 2542 possit.
509 2479 554 2526 Act
567 2494 636 2542 quem
654 2477 689 2526 ita
704 2479 839 2537 subridens,
856 2496 898 2538 ιι,
913 2481 960 2539 96,
971 2481 1018 2538 68,
1030 2479 1103 2543 prob.
1117 2475 1234 2526 Sohund.
1247 2487 1271 2524 et
1285 2477 1391 2525 9999991999

317 2561 436 2626 9999919991
450 2560 522 2620 licet,
536 2577 568 2608 ex
585 2559 749 2610 19919991999
765 2563 870 2626 99119999
888 2579 940 2610 esse
953 2573 1027 2610 09999.
1041 2563 1089 2610 Sed
1106 2573 1215 2610 nostram
1229 2559 1392 2610 1199119911.

318 2661 370 2694 non
381 2645 443 2694 99919
457 2644 489 2692 ite
504 2642 629 2692 defendit:
643 2666 656 2686 ι
668 2645 752 2706 Quum
765 2645 883 2710 scriptum
899 2654 961 2693 99999
976 2645 1110 2708 9991991999
1126 2646 1243 2710 99199999
1255 2643 1391 2701 9919911999,

318 2728 442 2792 superflua
454 2743 503 2774 999
513 2725 549 2773 ita
560 2726 598 2774 vel
609 2725 1062 2790 199911199991999999999,99199999919
1073 2727 1170 2776 cnidum
1183 2727 1316 2774 9999999919
1326 2726 1393 2787 9199,

318 2820 403 2874 postes
416 2810 476 2874 ipsis
489 2819 568 2872 poete
583 2809 665 2856 verbis
680 2809 840 2858 insenuistis:
854 2810 943 2858 deinde
954 2810 1062 2858 elidente
1072 2825 1115 2868 9ο,
1125 2810 1168 2872 991
1181 2808 1301 2868 9119991999,
1317 2807 1392 2873 sylis·

302 2895 375 2962 ,1999
385 2906 455 2957 quem
464 2890 593 2954 ,99911999
604 2891 698 2940 audivit
710 2892 816 2956 atqus'ta,
833 2902 858 2940 99
869 2894 904 2940 919
917 2903 990 2957 atque
1001 2893 1036 2940 ita
1047 2894 1153 2957 scripsit.
1164 2915 1176 2934 n
1191 2893 1235 2940 Ad
1242 2907 1297 2956 quoe
1311 2893 1392 2940 99191-

319 2978 388 3033 dens,
403 2993 444 3036 97,
462 2975 529 3038 99991
544 2975 617 3022 etism
631 2975 719 3039 legitur
735 2976 762 3022 in
774 2975 923 3038 quibusdam
932 2975 1011 3024 Codd.
1020 2977 1089 3040 virg.
1103 2976 1149 3023 1.1.
1163 2976 1248 3039 ibique
1259 2974 1392 3042 pmbstum

319 3071 380 3108 9999
394 3061 427 3110 N.
440 3060 551 3108 Heinsio.
563 3059 666 3124 Adqne‚
683 3075 725 3107 99.

355 3150 423 3202 Non.
443 3148 486 3202 38.
505 3154 549 3201 Ad
560 3167 628 3218 quem
645 3150 782 3206 subridens.
805 3147 936 3203 19999919
951 3149 1034 3214 dixit,
1053 3167 1105 3202 non
1118 3150 1198 3210 19999,
1216 3147 1392 3220 9911911999-

320 3232 425 3298 bundn,
439 3232 484 3284 sed
496 3232 622 3285 cavillans
635 3243 660 3284 et
671 3231 787 3285 ludibrio
799 3249 860 3286 eum
871 3232 979 3286 hebens.
998 3233 1178 3303 Quaecumque
1195 3232 1264 3284 euim
1281 3249 1392 3303 respon-

318 3313 380 3378 det,
393 3302 517 3382 9179999919
528 3312 604 3365 dixit.
618 3312 717 3365 Confer
726 3313 789 3364 Ver.
803 3315 875 3366 Lect.
890 3343 926 3354 ··-
943 3317 991 3374 Te,
1005 3307 1276 3383 9999999999999999199
1287 3311 1393 3364 91999919

319 3407 440 3467 opponunt
450 3399 553 3448 mosibus
565 3398 663 3468 pravis.

355 3545 421 3590 Vsu.
441 3544 481 3604 39.
495 3541 645 3606 Exponam,
660 3543 702 3602 73.
713 3569 748 3578 —-
757 3542 930 3602 1199999997,
944 3541 985 3588 55.

354 3637 423 3691 Nur.
443 3637 486 3702 39.
497 3637 653 3703 Habeatjsnn
663 3639 740 3686 119999
745 3637 878 3703 pudorem,
888 3631 986 3704 pudent
992 3637 1046 3706 jem
1057 3634 1188 3685 Romanos
1198 3649 1334 3704 99999999,
1348 3643 1394 3684 999

320 3739 390 3774 nunc
401 3736 524 3791 peecare,
538 3729 563 3768 te
575 3729 717 3789 presente,
730 3716 773 3769 vel
784 3735 866 3789 quum
879 3716 930 3769 tale
941 3717 1079 3789 pmbitstis
1090 3717 1240 3788 exemplum
1250 3715 1373 3771 19919999.

276 3789 280 3798 ’
355 3802 423 3854 Non.
445 3805 488 3862 do.
507 3800 598 3850 tenus
615 3801 702 3850 ecoelo
714 3799 800 3848 cecidit
812 3800 887 3862 Cato,
905 3800 994 3870 paullo
1006 3800 1114 3852 liberius
1128 3799 1247 3864 dictum,
1267 3810 1391 3870 99999999

322 3887 391 3939 Urbs
405 3884 458 3938 duo
474 3883 607 3938 habuisset
620 3887 744 3936 Gemonios
751 3905 762 3944 ,-
778 3884 870 3938 Η9199.
885 3885 980 3939 Nonne
993 3907 1056 3941 vero
1066 3899 1160 3960 poeta,
1174 3887 1221 3958 991
1232 3887 1393 3940 censurium

322 3961 441 4040 ignorare
450 3987 504 4021 non
514 3980 633 4040 poterat,
644 3969 666 4021 91
677 3967 711 4022 sd
721 3968 807 4021 solum
818 3968 972 4041 respexisset
983 3969 1137 4024 Censorium
1147 4010 1155 4035 ,
1165 3988 1215 4042 pro
1222 3971 1305 4052 testim
1315 3968 1395 4022 dinis·

321 4063 360 4106 set
370 4055 445 4114 alter,
456 4064 501 4104 999
511 4055 649 4104 secundus?
661 4052 752 4104 Malim
762 4051 851 4124 itaque
862 4052 1045 4126 interpretari:
1058 4055 1177 4106 intentius
1187 4051 1262 4125 99991
1274 4054 1335 4104 Cato
1349 4071 1394 4118 es,

322 4145 381 4208 post
390 4133 637 4190 Censoriumillum
657 4147 683 4188 et
694 4135 859 4198 Uticensem,
877 4137 947 4192 91999
965 4156 1065 4192 summe
1078 4137 1204 4208 gravitate
1216 4155 1246 4190 ne
1256 4137 1395 4190 severitate
