3056 4984
355 455 419 548 374
627 455 1140 548 o.tuu111uvuuan1s

355 572 505 657 Plebeia,
519 585 554 640 et
566 571 712 666 Phrygia
725 571 866 640 vestitur
879 572 984 642 bucca
997 572 1089 641 tiara.

353 681 491 751 Grande
505 697 618 768 sonat,
632 682 805 776 metuique
816 681 914 776 jubet
926 680 1131 777 Septembris
1145 694 1180 749 et
1193 675 1310 748 Austri

352 792 564 876 Adventum,
581 791 645 860 nisi
661 815 697 860 se
713 806 849 862 centurn
866 791 1056 862 lustraverit
1072 790 1164 878 ovis,

353 905 398 972 Et
413 900 653 996 xerampelinas
670 917 801 972 veteres
817 901 993 971 donaverit
1009 901 1089 996 ipsi,

353 1013 419 1096 Ut,
436 1010 600 1106 quidquid
616 1012 716 1081 subiti
732 1027 767 1082 et
781 1012 893 1107 magni
911 1010 1109 1080 discriminis
1125 1009 1242 1092 instat,
1366 1017 1414 1069 ὕπο

352 1123 394 1190 In
409 1123 538 1191 tunicas
552 1135 623 1208 eat,
637 1137 671 1191 et
685 1137 794 1191 totum
809 1119 912 1192 semel
926 1122 1038 1217 expiet
1051 1144 1186 1190 annum.

351 1232 540 1301 Hihemum
555 1231 661 1302 fracta
674 1231 779 1327 glacie
792 1231 973 1302 descendet
985 1233 1020 1300 in
1033 1254 1183 1314 amnem,

353 1343 421 1410 Ter
436 1342 600 1411 matutino
615 1343 728 1411 Tiberi
743 1357 927 1436 mergetur,
944 1357 978 1411 et
992 1341 1073 1435 ipsis

353 1453 546 1521 Vorticibus
561 1451 716 1522 timidum
731 1469 833 1549 caput
845 1452 959 1522 abluet
974 1476 983 1519 t
998 1451 1076 1520 inde
1090 1445 1234 1543 Superbi

353 1563 477 1631 Totum
491 1561 580 1656 regis
593 1587 711 1658 agrum
725 1563 817 1632 nuda
830 1588 869 1632 ac
884 1561 1104 1632 tremebunda
1117 1557 1267 1628 cruentis
1368 1567 1414 1621 5¹5

352 1675 478 1765 Erepet
493 1671 644 1765 genibus.
659 1672 693 1741 Si
708 1671 849 1742 candida
858 1673 995 1765 jusserit
1006 1673 1066 1758 Io,

353 1781 423 1849 Ibit
435 1780 478 1850 ad
492 1781 629 1876 AEgypti
642 1781 761 1871 finem,
777 1782 949 1878 calidaque
964 1783 1083 1878 petitas

353 1892 384 1961 A
397 1893 516 1959 Meroe
529 1891 677 1986 portabit
688 1917 807 1986 aquas,
821 1907 860 1961 ut
873 1906 1005 1987 spargat
1019 1891 1056 1959 in
1069 1890 1175 1961 aedem

354 1998 471 2086 Isidis,
486 1999 625 2094 antiquo
638 2025 712 2095 quae
727 2001 878 2096 proxima
890 2001 998 2096 surgit
1011 1998 1100 2069 ovili.

353 2107 471 2178 Credit
485 2110 575 2178 enim
590 2111 692 2205 ipsius
706 2110 851 2182 dominae
865 2135 901 2180 se
914 2135 997 2180 voce
1014 2109 1154 2179 moneri.
1370 2119 1417 2174 tto

354 2221 407 2287 En
421 2219 565 2288 animam
579 2233 615 2288 et
627 2235 794 2307 mentem,
808 2245 885 2290 cum
900 2243 966 2315 qua
978 2223 1028 2289 DI
1042 2233 1141 2292 nocte
1155 2217 1352 2316 loquantur!

352 2331 443 2422 Ergo
458 2329 514 2398 hic
527 2330 733 2425 precipuum
747 2354 982 2425 summumque
995 2344 1145 2399 meretur
1158 2331 1341 2414 honorem,

239 2491 244 2504 ’
353 2512 430 2568 Galli
441 2515 586 2588 pulsantes
601 2527 754 2592 tympana,
775 2517 823 2576 eui
840 2535 952 2575 summo
971 2513 1101 2590 pontifici
1117 2515 1172 2573 sub
1186 2525 1286 2572 mento
1299 2514 1419 2592 phrygia

353 2603 425 2660 tiara
435 2606 604 2682 subligatur.
617 2609 670 2665 Ille
678 2610 762 2666 vultu
770 2621 800 2668 et
807 2627 880 2667 voce
887 2609 924 2666 ad
933 2619 1074 2667 terrorem
1083 2607 1263 2683 compositis,
1272 2607 1418 2665 sinistrum

353 2695 464 2771 aliquid
477 2707 648 2755 eventumm
662 2700 778 2758 mulieri
792 2700 943 2758 denuntiat
952 2701 1069 2760 ineunte
1080 2700 1249 2773 septembri,
1262 2711 1292 2756 et
1302 2697 1419 2756 anemii

351 2799 442 2845 vento
454 2787 555 2856 flante,
572 2790 628 2848 nisi
639 2807 669 2847 se
680 2792 744 2848 ovis
754 2803 870 2849 centum
882 2793 1040 2870 expiaverit
1050 2790 1087 2847 ad
1099 2791 1172 2848 iram
1183 2791 1328 2866 Superum
1338 2809 1420 2849 aver-

352 2881 485 2949 tendam,
501 2894 587 2957 atque
598 2883 640 2939 illi
650 2883 705 2959 ipsi
715 2883 835 2940 antistiti
843 2896 937 2942 vestes
948 2883 1133 2960 xerampelini
1147 2883 1254 2940 coloris
1266 2871 1418 2959 largiatur,

352 2984 388 3028 ut
400 2973 543 3048 quidquid
559 2974 619 3049 ipsa
633 2975 783 3049 improvisi
797 2976 952 3052 magnique
966 2975 1086 3052 periculi
1102 2985 1166 3032 toto
1186 2993 1263 3032 anuo
1280 2974 1417 3049 pertime-

352 3067 489 3122 scendum
505 3066 607 3138 habet,
627 3068 700 3124 illud
714 3068 834 3124 detonet
849 3087 882 3124 ac
897 3067 1004 3126 recidat
1023 3068 1053 3123 in
1074 3078 1175 3124 vestes.
1197 3067 1305 3125 Eadem
1325 3069 1417 3125 mmta
1521 3075 1522 3117 l

352 3157 447 3213 hieme
461 3159 590 3214 conseret
605 3175 635 3213 se
648 3155 686 3214 ad
701 3158 840 3234 Tyberim
854 3159 944 3234 glacie
958 3158 1163 3229 constrictum,
1185 3178 1217 3216 ac
1230 3177 1315 3216 manc
1329 3169 1374 3217 ter
1386 3159 1417 3214 in

350 3249 429 3305 illius
440 3250 553 3306 alveum
567 3249 689 3308 tractum
702 3260 732 3307 et
745 3252 887 3307 reclusum
901 3269 960 3307 sese
970 3249 1129 3334 vorticibus
1142 3249 1307 3327 immerget,
1317 3271 1418 3327 super-

353 3339 465 3398 stitioso
477 3353 558 3398 metu
568 3344 713 3417 perculsa:
725 3343 794 3399 inde
806 3361 937 3418 campum
950 3344 1105 3412 Martium,
1116 3361 1203 3416 quem
1213 3343 1284 3399 olim
1296 3344 1418 3420 Tarqui·

352 3433 418 3490 nius
432 3435 580 3509 Superbus
590 3435 766 3510 possidebat,
780 3433 865 3492 nudis
875 3433 996 3512 genibus
1007 3445 1036 3490 et
1047 3434 1201 3491 cruentatis
1214 3435 1359 3510 trepidans
1368 3455 1418 3492 uu-

351 3525 447 3600 daque
462 3527 608 3601 erependo
623 3537 717 3584 totum
733 3527 893 3584 emetiatur.
921 3527 952 3584 si
971 3525 1070 3599 jubeat
1086 3519 1257 3582 locandida
1272 3545 1327 3602 per
1341 3528 1417 3584 hunc

353 3619 524 3690 antistitem,
544 3620 575 3675 in
594 3630 750 3677 extremam
762 3637 854 3694 usque
868 3620 1026 3695 AEgyptum
1039 3613 1253 3693 proficiscetur,
1279 3629 1308 3675 et
1331 3637 1417 3694 aquas

351 3712 389 3766 ab
404 3712 496 3770 insula
516 3715 631 3782 Meroe,
651 3732 714 3788 quae
734 3709 852 3768 torridae
869 3729 947 3767 uoue
965 3710 1057 3767 vicina
1072 3720 1132 3778 est,
1151 3722 1278 3786 sumptas
1296 3712 1417 3768 Romam
1520 3707 1521 3772 ὲ

303 3821 308 3828 ’
352 3803 535 3877 deportabit,
561 3803 665 3880 quibus
687 3805 825 3879 templum
851 3803 978 3878 ejusdem
1004 3803 1103 3870 laidis,
1127 3803 1324 3879 propinquum
1348 3803 1416 3860 ovili

353 3897 490 3972 antiquo,
511 3907 674 3973 respergat,
693 3897 785 3954 credit
802 3896 898 3965 euim,
916 3913 1006 3969 quum
1022 3895 1194 3952 admonetur
1216 3914 1232 3951 a
1250 3894 1413 3965 sacerdote,

352 3989 516 4045 remoueri
540 3990 663 4046 dominae
685 3989 774 4064 ipsius
796 4007 875 4045 voce.
906 3987 1049 4045 Nimirum
1066 3987 1129 4044 talis
1153 3987 1265 4044 semine
1291 3999 1415 4044 mentem

352 4088 382 4135 et
398 4081 521 4137 annnam
540 4083 644 4158 Superi
664 4081 796 4140 familiari
816 4091 1018 4155 nocturnoque
1038 4079 1184 4156 colloquio
1200 4079 1413 4156 dignabuntur!

351 4171 423 4229 Eam
442 4172 482 4228 ob
502 4191 563 4232 rem
580 4174 656 4232 iuter
675 4175 740 4234 illos
760 4172 980 4252 praestigiatores
994 4191 1106 4232 summo
1119 4173 1242 4230 babetur
1255 4173 1287 4230 in
1302 4171 1413 4249 pretio,
1519 4247 1520 4254 ἵ
