3134 4990
441 513 444 520 ·
484 471 673 538 SATIRA
694 471 933 538 SEPTIMA.
1179 477 1238 543 ⁵51

172 577 216 646 Et
231 581 387 675 quaejam
401 597 534 652 veteres
548 597 668 652 sanant
680 585 841 654 mortaria
855 611 971 657 coecos.
1193 623 1242 674 ¹70

173 693 267 784 Ergo
286 694 349 763 sibi
364 695 457 764 dabit
474 696 546 790 ipse
561 694 697 783 rudem,
714 696 742 763 si
757 711 874 766 nostra
888 697 1074 768 movebunt
1230 699 1232 704 ’

174 802 339 893 Consilia,
354 822 388 876 et
401 806 479 876 vitae
492 807 664 878 diversum
680 806 746 875 iter
759 806 981 900 ingredietur,

173 911 227 978 Ad
244 936 392 1008 pugnam
409 915 469 1010 qui
486 914 657 984 rhetorica
673 914 849 984 descendit
864 917 906 984 ab
922 917 1058 1004 umbra,

170 1021 349 1094 Summula
363 1050 407 1095 ne
421 1040 554 1121 pereat,
573 1050 641 1118 qua
653 1023 728 1094 vilis
744 1041 870 1097 tessera
882 1029 978 1096 venit

173 1132 364 1204 Frumenti:
382 1136 511 1231 quippe
525 1136 598 1205 hoec
613 1159 745 1206 merces
759 1133 951 1206 lautissima.
966 1139 1090 1224 Tenui,
1196 1149 1243 1219 175

173 1240 418 1339 Chrysogonus
432 1245 550 1339 quanti
565 1244 699 1331 doceat,
713 1243 768 1312 vel
784 1243 892 1314 Pollio
908 1249 1025 1340 quami

173 1351 361 1422 Lautorum
378 1378 520 1450 pueros,
536 1370 644 1426 artem
661 1355 819 1426 scindens
831 1357 1016 1430 Theodori.

221 1461 347 1534 Balnea
359 1465 526 1536 sexcentis
540 1481 576 1534 et
589 1463 694 1560 pluris
709 1465 877 1562 porticus,
894 1467 931 1535 in
945 1491 1012 1562 qua

173 1571 340 1644 Gestetur
356 1575 530 1663 dominus,
544 1576 679 1672 quoties
693 1575 781 1670 pluit
796 1599 804 1644 :
822 1599 910 1646 anne
927 1601 1083 1646 serenum

173 1685 372 1780 Exspecta,
392 1703 595 1784 spargatque
614 1688 686 1760 luto
701 1689 856 1781 jumenta
870 1689 1023 1759 recenti?
1194 1705 1243 1758 rso

174 1793 239 1861 Hie
255 1796 387 1888 potius;
403 1821 549 1892 namque
565 1798 621 1867 hic
636 1797 772 1866 munde
787 1798 875 1866 nitet
888 1798 1014 1892 ungula
1032 1795 1141 1868 mulae.

173 1901 274 1970 Parte
289 1903 353 1973 alia
368 1904 477 2001 longis
491 1907 719 1977 Numidarum
736 1906 819 1975 fulta
833 1906 1000 1976 columnis

173 2011 311 2105 Surget,
324 2030 360 2084 et
371 2015 541 2112 algentem
556 2017 664 2112 rapiat
678 2018 822 2087 coenstio
835 2016 952 2086 solem.

173 2117 448 2219 Quanticumque
463 2125 599 2213 domus,
614 2126 745 2214 veniet,
758 2128 817 2221 qui
831 2126 961 2196 fercula
972 2125 1072 2194 docte

175 2231 383 2326 Componat3
402 2237 531 2323 veniet,
548 2236 607 2330 qui
623 2234 847 2330 pulmentaria
863 2235 996 2304 condet.
1194 2247 1243 2300 18⁵

174 2439 318 2508 contusis,
330 2440 437 2514 quibus
454 2440 570 2498 restitui
582 2440 662 2498 risus
677 2439 758 2498 cacis
770 2437 832 2510 jem
844 2437 961 2496 senibus
972 2437 1071 2512 possit.
1090 2438 1155 2515 Ego
1172 2456 1244 2498 vero

174 2531 198 2586 si
213 2529 261 2585 cni
279 2531 393 2590 animus
408 2543 451 2588 est
470 2533 545 2588 hanc
564 2531 723 2589 rhetorices
742 2529 925 2604 disciplinam
942 2527 1116 2603 fictitiesque
1131 2546 1244 2604 pugnas

174 2619 325 2693 deserere,
346 2636 433 2697 etque
446 2623 479 2680 iu
493 2639 627 2699 campum
640 2622 714 2695 tori,
736 2640 897 2697 vernmque
907 2620 1039 2696 prelium
1051 2619 1243 2693 descendere,

173 2713 361 2772 vehementer
380 2715 462 2774 illum
475 2717 594 2788 hortor,
614 2725 648 2772 ut
662 2715 726 2791 ipse
739 2714 795 2772 sibi
810 2713 993 2772 secutionem
1007 2731 1024 2768 s
1038 2711 1163 2770 docendi
1175 2729 1243 2769 rnu-

174 2823 246 2862 nere
268 2808 339 2880 det,
361 2821 391 2866 et
412 2809 496 2866 aliern
518 2809 585 2866 vite
609 2807 685 2866 viam
710 2807 935 2882 institutumque
960 2806 1125 2880 amplexus,
1145 2804 1243 2862 lorum

174 2909 331 2971 sequatur,
351 2918 388 2958 ex
404 2919 464 2976 qno
483 2899 517 2956 id
534 2901 634 2956 saltem
656 2899 769 2974 premii
786 2897 873 2968 teret,
892 2908 1046 2954 necarent
1065 2896 1170 2972 aigne
1194 2896 1244 2952 ille

173 2989 303 3062 pecuniae
321 3008 451 3061 summe,
472 3009 530 3068 que
549 2989 638 3048 vendi
658 3001 756 3066 potest
772 2999 877 3046 tessere
897 2988 1051 3046 frumenti:
1069 2989 1146 3044 lrsnc
1164 2987 1244 3044 enim

174 3080 379 3154 amplissimam
397 3083 532 3141 videlicet
550 3081 713 3140 mercedem
734 3082 834 3140 miseri
852 3089 1082 3154 ccmeqnnntnr.
1102 3079 1244 3154 Expende

173 3180 284 3245 quantu
293 3173 426 3232 mercede
435 3175 580 3232 nobilium
590 3173 904 3249 ditiorumquepneros
913 3171 1068 3229 instituent
1079 3170 1244 3246 Chrysogo-

175 3283 243 3336 nus,
255 3267 302 3322 vel
314 3268 421 3338 Pollio,
436 3265 604 3336 citheroedi,
616 3265 781 3322 deridentes
792 3275 885 3322 artem
896 3262 1045 3322 Theodori
1057 3262 1242 3320 rhetoricam.

217 3356 284 3429 178.
304 3359 423 3421 Interim
437 3359 507 3417 ciris
522 3359 653 3432 locuples
669 3357 774 3414 bslues
789 3368 938 3413 exstruere
955 3353 1099 3411 sexcentis
1116 3353 1244 3410 nummis

174 3468 236 3506 uon
246 3448 376 3521 dubitnt3
390 3451 536 3525 porticum
547 3448 635 3508 etism
649 3446 793 3523 pluribus,
809 3447 841 3502 iu
853 3464 911 3521 que
921 3454 1049 3522 gestetur
1060 3445 1137 3519 ipss,
1152 3461 1244 3518 φιιιιιι
1271 3460 1274 3468 ’

175 3540 270 3598 imber
281 3541 398 3600 decidit.
412 3545 545 3619 [ongum
556 3551 598 3600 est
612 3543 689 3598 enim
700 3551 868 3616 exspeetsre
879 3539 949 3596 dnm
961 3537 1068 3595 sudum
1078 3536 1116 3592 sit
1125 3536 1243 3592 caelum:

175 3643 208 3690 et
220 3651 293 3690 vero
306 3635 388 3710 piget
401 3653 494 3710 equos
506 3651 559 3710 per
573 3634 744 3690 lutulentam
754 3632 831 3688 viem
847 3647 951 3705 egere3
966 3630 1054 3703 longe
1068 3626 1100 3683 id
1113 3643 1244 3682 commo-

175 3726 243 3782 dius
255 3727 287 3784 in
300 3729 417 3802 portien
428 3726 478 3798 lit,
492 3727 546 3784 nbi
563 3727 706 3784 mularum
718 3725 809 3799 pedes
825 3720 912 3779 nitidi
925 3738 987 3776 non
1004 3719 1066 3774 luto
1083 3716 1243 3790 inquinan-

176 3830 235 3876 tur.
247 3819 337 3878 Iubet,
347 3820 404 3878 elic
420 3820 452 3876 in
463 3829 546 3897 perte
561 3816 696 3876 aedilicsri
709 3814 866 3874 triclinium
877 3812 932 3870 soli
944 3809 1053 3886 algenti
1063 3807 1243 3882 expositum,

175 3920 203 3968 et
214 3912 279 3968 altis
285 3931 321 3968 ex
333 3910 474 3970 Africano
485 3929 631 3970 marmore
641 3908 782 3966 colomnis
789 3907 930 3964 innixum.
941 3900 1160 3974 Qusutumlilses
1168 3919 1244 3958 snm·

178 4015 245 4078 ptus
256 4003 365 4062 lectum
376 4004 466 4061 suerit
477 4002 509 4060 in
520 4005 612 4077 ipsum
628 4002 764 4072 domurn,
781 4011 929 4072 queretur
939 4006 1079 4070 preterea
1095 4005 1125 4050 et
1136 4011 1243 4068 magno

178 4096 358 4153 conducetur
369 4095 479 4170 peritus
492 4113 596 4153 mense
607 4105 746 4165 structor,
763 4093 816 4167 qui
832 4089 955 4150 obsonio
969 4106 1005 4146 ex
1021 4095 1085 4144 crte
1095 4085 1247 4161 disponst;

178 4189 394 4264 preparabitur
409 4205 536 4264 coquus,
557 4188 610 4264 qui
628 4185 728 4246 eedem
742 4185 813 4245 scite
826 4181 952 4243 condiet.
969 4181 1004 4237 ln
1018 4178 1064 4236 his
1085 4189 1129 4238 tot
1144 4178 1245 4236 tantu
