3148 4990
292 466 331 508 ro
562 447 604 510 D.
633 443 772 510 JUNII
799 440 1084 508 JUVENALIS

288 558 438 647 tudicio,
455 560 556 658 (quid
572 560 662 633 enim
678 555 1136 652 salvisintamianammist)

288 669 391 739 Exsul
406 671 448 740 ab
464 687 581 742 octava
597 671 726 742 Marius
741 669 841 755 bibit,
858 683 892 738 et
908 669 1031 739 fnritur
1047 669 1107 740 Dis

289 781 386 848 Iratis
403 806 410 848 :
428 797 462 850 at
478 797 532 869 tu,
549 781 671 852 victrix
686 779 879 876 provincia,
894 777 1021 874 ploras!
1322 795 1356 848 5ο

337 891 418 958 Haec
434 916 498 985 ego
514 915 583 960 non
600 890 734 964 credam
748 889 921 960 Venusina
937 889 1039 984 digna
1054 887 1212 968 lucerna?
1313 963 1322 976 ‚

288 1002 369 1069 Haec
385 1026 448 1096 ego
464 1027 533 1072 non
549 1001 695 1098 agitem?
710 999 777 1073 Sed
793 999 876 1092 quid
892 1001 997 1094 magis
1013 999 1210 1084 Heracleas,

287 1110 356 1177 Aut
371 1111 589 1199 Diomedeas,
604 1128 663 1181 aut
676 1110 845 1205 mugitum
862 1110 1080 1204 Labyrinthi,

286 1220 331 1285 Et
347 1243 437 1288 mare
454 1245 650 1315 percussum
666 1245 787 1314 puero,
805 1218 1005 1314 fabrumque
1021 1216 1212 1296 volantem?

286 1327 400 1416 Quum
417 1329 494 1400 leno
510 1331 654 1426 accipiat
669 1319 792 1400 moechi
807 1331 912 1417 bona,
928 1330 956 1400 si
973 1329 1128 1424 capiendi
1323 1343 1355 1396 ⁵5

285 1439 345 1508 Jus
361 1437 490 1510 nullum
506 1441 620 1526 uxori,
638 1439 757 1512 doctus
773 1455 925 1534 spectare
943 1438 1101 1524 lacunar,

285 1546 415 1615 Doctus
431 1547 523 1618 etad
539 1548 676 1620 calicem
691 1547 844 1644 vigilanti
861 1564 1003 1620 stertere
1020 1573 1120 1634 naso;

286 1657 401 1746 Quum
419 1656 466 1726 fas
482 1683 552 1729 esse
569 1674 666 1754 putet
682 1673 795 1728 curam
813 1681 948 1753 sperare
965 1657 1133 1742 cohortis,

286 1767 356 1856 Qui
373 1769 461 1838 bona
477 1769 614 1842 donavit
630 1769 852 1864 praesepihus,
868 1782 903 1836 et
919 1783 1011 1838 caret
1026 1768 1119 1836 omni

288 1876 458 1969 Majorum
474 1903 594 1966 censu,
610 1880 691 1955 dum
708 1877 861 1974 pervolat
876 1901 936 1946 axe
952 1877 1055 1946 citato
1323 1895 1359 1944 60

287 1983 500 2076 Flaminiam
518 2013 603 2083 puer
618 1987 833 2062 Automedon
849 2011 927 2057 nam
943 1986 1015 2056 lora
1031 1984 1183 2069 tenebat,

286 2162 316 2208 et
330 2151 517 2226 famulorum,
536 2155 640 2232 quibus
653 2157 791 2230 stipatur,
804 2156 906 2221 turba,
922 2153 981 2210 vias
993 2154 1075 2211 urbis
1086 2150 1226 2227 impedit?
1241 2161 1290 2206 aut
1303 2147 1357 2207 iste

285 2247 409 2316 Marius,
426 2249 476 2324 qni
497 2249 563 2306 licet
584 2272 599 2305 a
616 2249 762 2323 judicibus
779 2249 817 2304 ob
834 2247 959 2304 Africam
980 2245 1162 2320 compilatam
1179 2241 1267 2299 luent
1284 2261 1357 2298 con·

285 2339 449 2414 demnatns,
462 2354 557 2400 tamen
571 2363 715 2400 vanamne
726 2343 857 2399 inutilem
868 2359 969 2398 eorum
980 2338 1160 2396 severitatem
1171 2335 1267 2393 ridet?
1284 2335 1357 2404 Quis

286 2430 588 2510 enimdeignominia
603 2433 936 2502 vehementerdaborat,
949 2431 1038 2510 modo
1055 2430 1136 2493 salva
1145 2425 1357 2500 incolumisque

211 2519 224 2546 '
285 2527 406 2600 pecunie
422 2528 476 2586 sit?
490 2529 579 2586 immo
591 2527 831 2604 etism-irrogatas
849 2527 905 2587 sibi
918 2525 956 2582 ab
970 2523 1116 2583 ultoribus
1128 2520 1246 2598 Superis
1258 2531 1357 2594 paenas

284 2621 406 2693 apponit
417 2621 513 2691 lucro3
528 2633 558 2678 et
572 2621 609 2678 ab
625 2639 744 2696 vespera
758 2638 849 2693 usque
865 2618 898 2674 in
913 2619 1006 2674 lucem
1023 2616 1114 2690 epulis
1128 2615 1296 2688 indulgens,
1309 2629 1358 2668 ca-

285 2709 528 2770 lamitatemsuam
538 2712 620 2770 facile
629 2711 808 2782 consolatur,
817 2722 844 2768 te
854 2709 970 2768 interim
980 2710 1132 2784 lugentem
1142 2706 1238 2764 infelix
1247 2704 1358 2762 sinat

286 2811 316 2862 et
330 2801 460 2873 arnume,
479 2823 532 2862 nec
548 2803 709 2864 reddendas
724 2819 861 2878 umqsmm
878 2803 947 2872 tibi,
963 2802 1031 2859 licet
1043 2816 1156 2857 cansam
1170 2797 1290 2866 viceris,
1304 2805 1356 2871 pe-

288 2894 385 2952 uanias
401 2896 579 2970 deplorante.

327 2985 375 3044 5¹.
393 2989 460 3046 Haec
471 3009 525 3067 ego
539 2989 645 3067 flagitia
659 3009 719 3048 non
730 2987 896 3046 arbitrabor
907 2985 1008 3064 digna,
1020 3001 1083 3058 qun
1095 2981 1214 3041 satiricis
1222 2979 1357 3038 versibus

287 3079 445 3154 agitentur,
458 3101 540 3139 more
548 3103 581 3140 se
590 3084 665 3159 stylo
676 3081 788 3140 Horatii
800 3079 952 3150 Venusini,
965 3078 1030 3154 qni,
1042 3076 1193 3136 nocturnis
1203 3074 1305 3132 studiis
1314 3074 1357 3130 in·

286 3173 424 3248 vigilans,
436 3176 581 3234 lucernam
593 3195 670 3234 suam
680 3175 756 3235 vitiis
767 3173 918 3241 admovet,
927 3183 963 3226 ut
971 3171 1120 3237 ostendat,
1131 3169 1178 3224 vel
1188 3165 1308 3224 adurat?
1319 3183 1357 3222 an

288 3265 374 3328 satiris
390 3285 449 3324 esse
464 3268 588 3342 putabo,
606 3269 789 3345 pervulgatus
802 3265 864 3322 illas
879 3265 915 3320 de
931 3263 1070 3326 Hercule,
1088 3257 1125 3315 de
1142 3257 1299 3326 Diomede,
1320 3257 1357 3312 de

288 3355 455 3416 Minotauro
470 3359 501 3416 in
521 3361 691 3437 Labyrinthi
710 3357 827 3416 latebris
841 3356 987 3432 mugiente
1002 3351 1111 3408 fabulas
1122 3351 1248 3408 carmine
1261 3367 1359 3424 perse-

201 3471 205 3490 ·
288 3449 357 3522 qni,
375 3462 425 3507 ant
443 3453 605 3509 evolantem
621 3453 769 3510 Dedalum
785 3445 923 3506 artificem
944 3444 1142 3520 ingeniosum,
1162 3445 1312 3498 Icarnmve
1327 3439 1358 3494 in

288 3561 366 3600 mare
380 3543 560 3602 decidentem
570 3544 746 3604 denarrare?
761 3561 852 3618 quum
862 3543 927 3598 turo
940 3536 1059 3610 accipiat
1070 3536 1147 3592 bona
1159 3532 1277 3601 moechi,
1288 3531 1358 3586 dnm

289 3635 376 3692 uxori
389 3636 449 3709 ejus
462 3637 575 3694 nnllam
584 3637 631 3711 jus
644 3636 818 3710 relinquitur
830 3635 907 3692 dona
919 3628 1099 3704 possidendi,
1115 3629 1182 3684 leno
1194 3625 1296 3682 doctus
1307 3623 1359 3679 de·

291 3729 573 3801 torquere-oculosa
594 3729 723 3787 convivis
742 3730 780 3786 ad
798 3723 984 3802 mactandum
1004 3724 1134 3791 lacunar,
1155 3730 1185 3776 et
1202 3718 1241 3774 ad
1256 3716 1360 3792 poeula

290 3819 416 3875 ronches
427 3821 557 3880 emittere
567 3823 699 3892 naribus,
712 3837 903 3893 somnumque
913 3815 1061 3883 simulare,
1073 3813 1126 3870 etsi
1138 3811 1230 3885 reipsa
1239 3808 1357 3885 vigilat:

292 3927 380 3982 quum
393 3912 499 3970 interea
514 3915 562 3971 ille
572 3915 700 3989 juvenis,
718 3915 769 3990 qni
778 3909 985 3988 patrimonium
997 3908 1079 3984 equis
1089 3904 1199 3964 alendis
1210 3903 1358 3978 ligur-ivit,

290 4001 420 4078 nihilque
434 4004 490 4077 jam
504 4026 537 4063 ex
552 4007 635 4064 avitis
648 4007 753 4082 opibus
765 4005 797 4061 in
811 4021 897 4060 censu
909 4003 1011 4072 habet,
1026 3999 1214 4058 nihilominus
1230 3993 1358 4051 confidat

291 4113 322 4150 se
336 4097 464 4155 cohortis
478 4100 675 4174 prefecturam
690 4100 822 4157 obtinere
839 4115 936 4172 posse,
954 4117 989 4154 eo
1007 4095 1114 4154 scilicet
1130 4092 1261 4159 nomine,
1276 4089 1357 4163 qnod

293 4187 472 4264 imperatoris
493 4211 548 4267 per
568 4192 645 4249 viam
665 4191 832 4250 Flaminiam
853 4189 959 4248 invecti
978 4206 1096 4246 currum
1114 4187 1175 4261 ipse
1193 4183 1356 4240 adolescens
