3130 4986
466 429 656 494 SATIRA
684 429 887 493 TERTIA.
1153 427 1211 492 155

144 543 359 612 Orchestram
377 558 412 611 et
427 543 590 638 populum
607 569 616 611 ε
634 522 715 612 olari
731 541 884 610 velamen
901 539 1056 622 honoris,

143 651 323 722 Sufficiunt
340 654 463 724 tunicae
479 654 616 723 summis
631 652 800 722 AEdilibus
816 651 909 722 albas.

143 765 204 831 Hic
220 761 310 830 ultra
327 764 419 832 vires
435 763 567 832 babitus
584 765 696 832 nitor:
715 763 773 830 hio
788 761 917 856 aliquid
934 759 1027 854 plus,
1166 773 1214 825 180

142 874 248 960 Quam
265 873 346 942 satis
363 888 430 958 est,
448 874 620 943 interdum
637 872 745 941 aliena
761 871 905 940 sumitur
920 893 1006 940 arca.

143 985 329 1052 Commune
347 983 381 1050 id
398 984 517 1052 vitium
534 998 584 1052 est
601 1009 609 1051 :
630 983 686 1052 bic
700 981 844 1050 vivimus
860 963 1038 1048 ambitiosa

144 1094 344 1186 Paupertate
360 1117 488 1161 omnes.
506 1092 600 1181 Quid
618 1107 650 1160 te
668 1089 804 1160 moror?
820 1089 936 1158 omnia
953 1092 1070 1158 Romae

141 1203 224 1270 Cum
241 1202 366 1295 pretio.
383 1200 476 1290 Quid
492 1201 569 1288 das,
585 1215 623 1270 ut
639 1203 780 1272 Cossum
797 1197 978 1293 aliquando
996 1194 1140 1266 salutes?

145 1311 189 1378 Ut
204 1326 236 1380 te
252 1312 415 1405 respiciat
432 1311 544 1382 clauso
560 1312 706 1381 Veiento
723 1309 866 1380 labello?
1166 1321 1215 1374 ποῦ

145 1418 202 1488 Ille
218 1423 318 1489 metit
336 1420 492 1508 barbam,
508 1424 636 1491 crinem
655 1421 711 1489 hic
728 1419 869 1514 deponit
884 1418 1005 1503 amati3

147 1529 247 1597 Plena
263 1530 384 1598 domus
401 1530 475 1600 libis
492 1530 663 1600 venalibus
678 1556 686 1598 ε
704 1529 840 1622 accipe,
856 1542 891 1596 et
907 1525 997 1596 istud

144 1641 359 1708 Fenncntum
378 1641 439 1709 tibi
457 1641 567 1709 habe:
585 1655 744 1734 praestare
762 1641 887 1710 tributa
906 1637 1045 1706 clientes

143 1749 320 1842 Cogimur,
338 1764 373 1818 et
386 1751 485 1820 cultis
502 1775 627 1845 augere
644 1749 776 1846 peculia
792 1749 906 1818 servis.

189 1887 205 1920 a
216 1857 303 1945 Quis
322 1858 436 1942 timet,
453 1874 511 1928 aut
527 1860 639 1928 timuit
656 1859 766 1954 gelida
780 1860 950 1926 Praeneste
967 1855 1119 1938 ruinam,
1169 1881 1218 1933 190

143 1973 209 2036 Aut
229 1968 350 2062 positis
364 1964 544 2038 nemorosa
560 1971 650 2038 inter
664 1970 746 2064 juga
756 1967 936 2051 Volsiniis,
953 1979 1011 2034 aut

143 2077 358 2173 simplicibus
374 2081 509 2166 Gabiis,
525 2095 585 2148 aut
604 2079 704 2174 proni
717 2077 854 2146 Tiburis
873 2073 973 2145 arce?

144 2327 288 2391 specuum
299 2335 395 2392 neque
406 2320 500 2376 ullum
508 2319 584 2376 inter
592 2317 735 2394 primores
744 2315 846 2392 oppidi
856 2327 885 2373 et
894 2315 1007 2390 plebem
1019 2313 1109 2387 ipsam
1120 2308 1221 2366 discri-

142 2427 208 2466 men
217 2409 334 2466 videas:
347 2411 416 2466 solis
429 2411 571 2468 AEdilibus
582 2430 637 2485 pro
647 2410 753 2486 insigni
762 2419 882 2477 ornatu,
894 2420 923 2464 et
934 2407 1055 2464 honoris
1063 2404 1108 2462 sui
1118 2421 1219 2459 mune·

144 2501 239 2577 risque
247 2513 332 2572 nota,
344 2515 412 2560 suut
423 2504 526 2560 tuuicae
538 2504 618 2560 albe.
631 2508 670 2560 At
679 2506 778 2560 Romae
789 2502 896 2560 lautior
903 2503 992 2577 vulgo
1002 2511 1030 2556 et
1039 2495 1220 2573 splendidior

144 2607 186 2652 est
197 2595 300 2662 vestis,
318 2615 403 2670 quam
419 2595 557 2671 cujusque
567 2595 691 2653 fortunae
707 2595 809 2654 lerant.
821 2595 869 2652 Ad
880 2593 1051 2651 immodicos
1064 2593 1130 2649 illos
1142 2607 1221 2648 sum·

143 2689 365 2764 ptusiaciendos
374 2690 557 2746 contrahitur
567 2689 668 2763 saepius
678 2708 715 2745 aes
723 2689 863 2757 alienum
872 2705 1025 2744 commune
1037 2683 1111 2742 illud
1117 2680 1220 2738 vitium
1297 2739 1301 2749 ,

144 2791 188 2838 ert
198 2781 333 2838 omuibus
346 2803 353 2838 :
367 2781 415 2838 bic
428 2799 529 2840 omues
544 2791 612 2840 sunt
627 2781 778 2838 ambitiose
790 2797 946 2855 pauperes,
958 2779 1044 2846 dnm,
1062 2776 1094 2832 in
1106 2791 1221 2849 qiuque
1282 2781 1289 2800 ⁸

144 2871 330 2942 conditione,
353 2875 419 2948 plus
441 2873 536 2930 rideri
553 2873 663 2942 velint,
685 2891 771 2948 quam
794 2872 890 2947 reipsa
910 2883 987 2928 sunt.
1012 2868 1092 2939 Quid
1113 2864 1220 2942 plura?

144 2964 224 3020 ituit
246 2967 347 3022 Romu
367 2965 429 3022 sine
451 2966 573 3040 pecunia
593 2965 812 3039 sumptibusque
831 2963 942 3039 magnis
963 2961 1006 3018 lit.
1032 2961 1084 3018 Vis
1104 2954 1219 3016 admitti

145 3057 183 3114 ad
199 3059 319 3116 Cossum
329 3059 528 3130 salutandum,
542 3059 613 3134 quid
626 3077 687 3115 cum
699 3059 738 3114 ob
750 3075 811 3114 rem
822 3054 927 3114 dabis?
943 3053 1022 3124 Quid
1037 3065 1070 3110 ut
1081 3051 1219 3125 Vejento·

146 3169 210 3208 nem
221 3151 337 3220 videas,
348 3150 438 3226 quite
449 3151 618 3226 compressis
630 3151 712 3208 labiis
724 3161 836 3206 tantum
848 3147 998 3222 respiciet,
1012 3165 1073 3204 non
1087 3146 1221 3217 alloque-

148 3253 208 3311 tur,
223 3253 275 3299 aut
285 3243 410 3299 vicissim
420 3242 577 3300 salutabit?
592 3245 642 3299 Est
656 3242 707 3315 qui
724 3241 842 3296 barbam
858 3238 982 3314 primam
994 3238 1070 3294 servi
1082 3238 1218 3309 carioris,

145 3335 250 3408 estqui
262 3334 380 3409 capillos
393 3334 520 3409 ejusdem
530 3333 647 3390 tonderi
657 3333 773 3407 jubeat;
791 3333 886 3388 statim
902 3332 1019 3387 clientes
1038 3349 1099 3386 earn
1116 3330 1147 3386 in
1163 3330 1218 3388 do-

146 3445 223 3482 mum
236 3438 422 3500 comportant
437 3427 579 3501 placentas
594 3433 622 3482 et
635 3426 709 3491 liba,
725 3445 788 3499 qua
802 3425 851 3480 ille
864 3441 964 3480 servus
978 3408 1087 3479 deinde¹
1098 3424 1215 3480 vendat.

148 3519 207 3587 lta,
222 3517 305 3593 quod
318 3518 423 3574 merito
437 3519 526 3575 bilem
537 3518 590 3574 tibi
602 3529 631 3574 et
640 3519 819 3574 stomachum
830 3527 959 3584 moveat,
976 3514 1109 3590 cogimur
1121 3516 1219 3572 miseri

147 3611 263 3667 clientes
290 3621 481 3686 patronorum
506 3610 596 3668 servis
621 3610 845 3687 elegantioribus
870 3608 977 3664 tributa
1001 3608 1219 3681 quodammodo

148 3705 288 3778 pendere,
306 3715 336 3760 et
349 3723 451 3761 eorum
464 3723 570 3780 augere
582 3705 693 3760 loculos
708 3722 740 3758 ac
756 3701 909 3778 marsupia.

188 3815 252 3872 190.
266 3819 279 3847 a
289 3795 372 3866 Quid
381 3795 463 3871 quod
471 3797 569 3852 inaliis
579 3795 667 3852 ltaliae
673 3795 799 3852 urbibus
811 3794 905 3850 multo
915 3793 1096 3850 commodius
1106 3792 1219 3848 habita-

148 3901 195 3946 tur
203 3909 236 3946 ac
247 3890 356 3958 tutius,
368 3909 456 3964 vam
468 3891 575 3946 Romae.
587 3889 661 3960 Quis
667 3907 796 3963 unquam
808 3887 919 3952 timuit,
927 3905 963 3942 ne
973 3897 1092 3942 ruerent
1103 3885 1177 3941 aedes
1187 3885 1218 3940 in
1247 3911 1251 3916 ·

146 3981 401 4040 urbePraenestina
408 3981 520 4060 gelidos
529 3982 700 4039 intercolles
708 3982 760 4038 situ
770 3982 782 4036 i
791 3979 983 4037 autVolsiniis
994 3978 1025 4034 in
1030 3978 1103 4055 jugo
1112 3979 1220 4034 montis

145 4093 228 4150 quem
235 4075 369 4134 vestiunt
382 4075 471 4150 sylvae
482 4074 627 4132 collocatis
638 4075 650 4130 i
663 4086 714 4130 aut
722 4074 821 4130 Gabiis
829 4114 838 4144 ,
847 4089 973 4147 quorum
986 4071 1087 4128 incole
1102 4071 1173 4128 dolo
1190 4083 1218 4128 et

141 4165 249 4224 insidiis
263 4165 420 4241 Tarquinii
432 4165 551 4222 luerunt
563 4165 632 4222 olim
646 4176 769 4240 propter
779 4164 993 4240 simplicitatem
1007 4163 1144 4238 decepti?
1163 4177 1213 4220 aru
1332 4229 1333 4232 Ἴ
