3130 4986
500 482 689 548 SATIRA
716 481 919 549 TERTIA.
1182 482 1240 548 153

169 591 347 678 Creditur,
365 610 466 688 atque
481 597 590 683 Deos,
607 596 666 666 Dis
683 597 935 692 ignoscentibus
951 599 1041 693 ipsis.
1157 685 1160 692 Ι

217 703 359 790 «Quid,
377 705 467 798 quod
483 707 655 774 materiam
673 708 800 800 praebet
816 733 1011 802 caussasque
1025 701 1180 801 jocorum

171 813 343 882 Omnibus
360 815 418 884 bic
435 815 540 902 idem,
557 817 585 885 si
602 815 692 885 foeda
706 832 742 885 et
757 817 858 886 scissa
875 818 1024 904 lacerna,

171 926 205 994 Si
224 942 304 1021 toga
321 926 493 996 sordidula
509 944 577 1015 est,
595 944 629 998 et
645 944 745 1023 rupta
760 929 890 998 calceus
905 929 990 998 alter

171 1034 262 1104 Pelle
280 1051 394 1130 patet3
411 1037 464 1105 vel
482 1037 509 1106 si
526 1053 668 1106 consuto
685 1037 825 1107 vulnere
842 1062 989 1107 crassum
1193 1049 1242 1102 1⁵0

172 1149 283 1240 Atque
302 1171 421 1216 recens
437 1147 545 1216 linum
562 1148 711 1246 ostendit
726 1174 796 1217 non
813 1172 881 1215 una
896 1145 1055 1216 cicatrix?

173 1255 230 1327 Nil
247 1257 351 1326 habet
368 1255 483 1325 infelix
500 1273 678 1353 paupertas
695 1257 812 1326 durius
829 1257 863 1324 in
880 1281 934 1342 se,

171 1366 283 1454 Quam
301 1366 394 1461 quod
411 1365 570 1438 ridiculos
586 1367 738 1437 homines
755 1366 842 1435 facit.
860 1369 982 1451 Exeat,
999 1363 1123 1457 inquit,

174 1477 206 1544 Si
223 1474 337 1569 pudor
353 1491 422 1563 est,
440 1491 473 1545 et
490 1477 532 1546 de
548 1475 689 1572 pulvino
705 1490 821 1571 surgat
836 1475 1005 1569 equestri,

174 1585 280 1677 Cujus
296 1610 350 1654 res
367 1584 435 1681 legi
452 1611 521 1656 non
538 1585 680 1671 sufficit,
698 1600 733 1654 et
748 1584 886 1654 sedeant
901 1586 959 1654 hic
1197 1598 1245 1650 155

176 1695 354 1762 lenonum
374 1695 490 1789 pueri,
507 1719 722 1790 quocumque
740 1695 777 1763 in
793 1693 922 1764 fornice
940 1695 1020 1763 nati.

174 1803 239 1871 Hic
254 1801 394 1897 plaudat
409 1801 509 1871 nitidi
525 1804 693 1898 praeconis
710 1801 798 1872 filius
815 1804 903 1874 inter

174 1911 352 2006 Pinnirapi
371 1912 478 1980 cultos
492 1913 652 2006 juvenes,
667 1915 876 2009 juvenesque
895 1914 1032 1982 lanistae.

175 2021 230 2090 Sic
246 2019 380 2089 libitum
397 2045 501 2108 vano,
518 2022 576 2115 qui
592 2047 654 2092 nos
669 2023 838 2110 distinxit,
855 2025 994 2093 Othoni.

173 2129 257 2216 Quis
273 2154 381 2224 gener
397 2130 455 2199 hic
471 2129 597 2225 placuit
613 2157 716 2202 censu
731 2135 857 2222 minor,
873 2149 974 2229 atque
990 2132 1111 2227 puellae
1199 2150 1247 2197 roo

176 2237 359 2308 Sarcinulis
376 2239 507 2334 impar?
521 2242 595 2334 quis
612 2267 742 2337 pauper
758 2244 919 2314 scribitur
935 2241 1056 2311 heres?

174 2346 323 2435 Quando
342 2347 378 2415 in
395 2349 538 2418 consilio
555 2365 604 2418 est
620 2351 812 2421 AEdilibus?
827 2353 960 2448 agmine
978 2352 1068 2422 facto

176 2573 318 2627 mmoere,
334 2575 368 2613 ac
383 2557 460 2633 ipsos
476 2558 561 2614 etiam
574 2579 710 2634 spernere
722 2564 814 2628 Deos,
826 2552 914 2632 idque
926 2557 1004 2613 bona
1014 2557 1144 2631 ipsorum
1155 2559 1248 2614 venia.

220 2656 285 2716 ¹47·
298 2647 510 2716 «liucacccdit,
520 2649 599 2724 quod
607 2650 684 2706 idem
692 2650 873 2725 propositum
881 2649 997 2706 videtur
1004 2667 1063 2706 esse
1070 2649 1204 2706 omnibus
1212 2651 1248 2705 ad

176 2738 337 2796 ludibrium
353 2749 382 2796 et
394 2738 496 2812 jocos,
509 2739 538 2796 si*
550 2742 691 2798 lacernam
706 2753 788 2818 gerat
801 2741 975 2812 obsoletam,
993 2753 1043 2796 aut
1061 2742 1202 2813 laceram,
1224 2742 1248 2796 si
1286 2805 1289 2812 .

178 2841 273 2906 togam
287 2848 392 2904 parum
405 2841 567 2906 comptam,
579 2831 604 2888 si
614 2835 736 2890 alterum
747 2851 763 2889 e
774 2831 874 2888 calceis
884 2831 982 2888 biante
994 2832 1075 2888 corio
1085 2843 1248 2907 pertusum,

177 2933 243 2993 aut,
256 2941 348 2998 quum
364 2923 438 2979 illud
454 2924 635 2981 calceamenti
651 2925 732 3000 quasi
745 2925 852 2980 viduus
865 2935 994 2982 sananim
1012 2935 1054 2980 est
1066 2923 1247 2991 consuendo,

178 3015 316 3092 sipiugui
331 3035 364 3072 ac
378 3015 488 3072 recenti
503 3016 564 3073 lino
578 3017 652 3073 male
669 3017 836 3073 resarcitum
850 3016 995 3073 declarant
1007 3016 1152 3073 cicatrices
1161 3015 1248 3073 variis
1323 3012 1326 3017 ’

180 3106 211 3162 in
225 3106 306 3162 locis.
329 3107 394 3163 Hoc
413 3125 503 3162 unum
515 3118 558 3164 est
569 3107 704 3164 videlicet
723 3107 833 3164 misera
842 3108 1017 3184 paupertatis
1031 3108 1077 3164 vel
1091 3107 1248 3164 maximum

178 3197 413 3269 incommodum,
436 3199 516 3274 quod
537 3199 668 3256 homines
691 3199 829 3257 ridiculos
847 3201 939 3258 faciat.
970 3201 1061 3258 Audis
1089 3203 1170 3258 illurn
1198 3202 1249 3278 qui

179 3309 241 3346 suas
260 3290 382 3366 siugulis
402 3291 434 3346 iu
456 3291 568 3347 theatro
589 3290 669 3347 sedes
690 3293 828 3367 assignat,
852 3293 956 3368 quibus
974 3293 1073 3350 verbis
1093 3312 1248 3368 pauperem

180 3381 306 3456 equitem
322 3381 436 3456 ejiciat?
456 3383 599 3450 Facessat,
618 3377 713 3458 inquit
723 3425 732 3453 ,
750 3393 795 3453 et,
815 3383 838 3440 si
857 3404 916 3459 qno
934 3384 1047 3459 pudore
1061 3385 1202 3462 tangitur,
1218 3382 1248 3440 iu

179 3475 316 3533 sedilibus
330 3475 461 3550 equitum
471 3495 508 3532 ue
519 3476 664 3546 considat,
675 3475 726 3549 qui
738 3495 799 3531 non
811 3476 898 3532 babet
913 3494 1028 3533 censum
1041 3495 1056 3532 a
1068 3478 1131 3553 lege
1144 3475 1250 3533 consti-

178 3577 283 3624 tutum.
299 3569 334 3623 In
344 3567 405 3623 istis
416 3566 517 3641 primis
530 3567 680 3625 ordinibus
691 3578 820 3642 spectent
832 3568 971 3624 lenonum
982 3567 1051 3639 filii,
1066 3586 1249 3642 quocumque

179 3658 235 3714 siut
248 3658 280 3714 iu
293 3658 425 3733 lupanari
436 3658 526 3734 geniti
538 3680 544 3714 :
559 3659 589 3714 iu
598 3659 700 3714 iisdem
712 3660 866 3736 applaudat
876 3658 952 3716 lilius
963 3659 1103 3733 praeconis
1115 3657 1247 3732 alicujus,

178 3749 280 3806 sedens
294 3750 373 3806 inter
384 3751 478 3807 lautos
492 3761 522 3806 et
532 3751 673 3826 elegantes
688 3751 799 3809 retiarii
814 3752 937 3822 liberos,
950 3763 999 3808 aut
1012 3752 1119 3808 liberos
1131 3752 1249 3826 alicujus

180 3841 373 3917 gladiatorum
396 3841 534 3918 magistri.
557 3841 605 3899 Sic
626 3861 729 3918 nempe
751 3844 845 3900 visum
870 3843 983 3901 Othoni
1003 3842 1174 3913 vanissimo,
1199 3845 1248 3918 qui

180 3944 355 4008 spectatores
368 3933 440 3989 alios
455 3934 492 3988 ab
506 3932 567 3989 aliis
578 3934 715 4005 secrevit,
729 3955 819 4010 quum
835 3946 917 3992 antea
932 3935 1095 4010 promiscue
1108 3947 1249 4010 spectare-

179 4045 251 4083 mus.
269 4029 366 4096 Quem
385 4045 523 4102 generum
541 4037 672 4102 parentes
692 4027 819 4103 eligunt,
840 4027 891 4102 qui
907 4027 1034 4083 minores
1052 4043 1137 4102 quam
1155 4029 1247 4101 puella

179 4119 310 4176 lomus
322 4119 445 4187 babeat,
460 4129 489 4176 et
506 4119 561 4195 ipsi
576 4120 752 4194 supellectile
763 4117 804 4196 (le
821 4119 984 4197 tmusseau)
999 4119 1092 4194 impar
1103 4118 1161 4174 sit?
1177 4120 1248 4189 Quis

179 4229 334 4288 pauperem
346 4221 517 4270 testamento
530 4212 666 4272 heredem
679 4212 824 4271 institnit?
841 4211 1032 4284 Quandonam
1049 4212 1079 4269 in
1096 4213 1247 4270 consilium
