3056 4984
441 462 442 470 ‘
478 491 666 558 sarran
694 495 873 564 surra.
1147 495 1210 584 ³57

142 599 261 670 Florali
277 616 434 673 matrona
445 605 542 702 tuba,
558 605 663 674 nisisi
678 606 759 702 quid
775 607 810 676 in
827 608 883 707 illo
1161 625 1213 677 25⁰

142 713 281 782 Pectore
297 713 372 808 plus
385 715 504 810 agitat,
518 740 674 810 veraeque
689 733 826 812 paratur
840 742 961 788 arenae.

139 819 250 906 Quem
265 837 423 916 praestare
438 838 549 918 potest
564 825 686 896 mulier
700 825 827 920 galeata
843 826 1034 921 pudorem,

139 929 223 1016 Quae
239 929 328 1024 fugit
340 956 361 1000 a
374 931 474 1002 sexu?
486 934 574 1004 vires
588 950 686 1003 arnat.
701 939 783 1004 Haec
800 951 912 1005 tamen
928 935 1000 1032 ipsa

138 1039 200 1107 Vir
212 1039 320 1110 nollet
331 1041 424 1112 fieri:
443 1066 521 1112 nam
536 1044 697 1139 quamula
711 1060 828 1114 nostra
841 1043 1016 1139 voluptas?

137 1147 247 1236 Quale
263 1149 366 1220 decus
380 1177 510 1239 rerum,
524 1155 551 1222 si
566 1155 720 1249 conjugis
730 1156 848 1225 -auctio
863 1154 942 1224 liat?
1161 1171 1210 1224 255

138 1261 292 1350 Balteus,
309 1280 344 1334 et
359 1267 520 1354 manica,
536 1284 570 1338 et
585 1269 710 1351 cristae,
726 1269 900 1362 crurisque
915 1267 1047 1338 sinistri:

137 1372 323 1444 Dimidium
337 1377 503 1470 tegimen;
519 1377 592 1462 vel,
606 1379 633 1445 si
648 1377 785 1446 diversa
798 1379 948 1447 movebit

139 1483 270 1570 Praelia,
286 1501 324 1554 tu
337 1484 434 1573 felix,
448 1511 564 1556 ocreas
579 1487 748 1556 vendente
765 1487 885 1583 puella.

137 1594 199 1663 Hae
214 1609 309 1681 sunt,
323 1621 397 1690 quae
414 1597 509 1665 tenui
525 1596 646 1666 sudant
661 1597 697 1664 in
711 1582 864 1692 cyclade,
879 1623 1023 1693 quarum

138 1703 281 1774 Delicias
295 1721 330 1776 et
343 1706 541 1801 panniculus
557 1706 779 1802 bombycinus
793 1707 871 1776 urit.
1159 1728 1209 1777 260

137 1813 299 1909 Adspice,
313 1815 535 1915 quoplremitu
549 1830 752 1886 monstratos
766 1803 916 1912 perferat
930 1817 1046 1904 ictus„

136 1923 179 1992 Et
193 1938 322 2017 quanto
337 1925 439 2019 galeae
455 1941 616 1998 curvetur
631 1924 808 2019 pondere,
818 1940 952 2019 quanta.

135 2143 314 2220 gladiatoria
326 2148 454 2226 regestis?
472 2149 545 2222 Quis
561 2158 647 2227 neget
659 2135 822 2207 matronam
837 2146 898 2226 istis
906 2147 1056 2224 praeclaris
1068 2159 1209 2206 assuetam

134 2239 405 2312 exercitationibus,
421 2261 519 2326 mum·
527 2244 563 2300 ad
578 2242 747 2300 celebranda
760 2240 884 2299 Floralia
895 2241 1117 2318 personantibus
1131 2242 1209 2299 tubis

134 2330 302 2403 vocabitur,
321 2344 430 2390 ceteras
447 2336 582 2392 mulieres
597 2335 680 2391 facile
697 2335 914 2410 superaturam?
931 2333 986 2390 nisi
998 2334 1090 2403 sorte,
1106 2333 1209 2408 spretis

134 2419 290 2478 mulierum
307 2423 383 2482 ludis
398 2405 546 2496 ac'l'estis,
569 2425 660 2499 majus
681 2426 793 2501 aliquid
810 2426 907 2482 animo
926 2425 1099 2496 meditatur,
1121 2443 1209 2501 seque
1291 2411 1297 2428 ²

134 2524 277 2587 praeparat
289 2513 366 2572 veris
377 2517 581 2573 certaminibus
593 2517 784 2593 gladiatorum
796 2517 938 2575 obeundis
952 2517 983 2573 ln
998 2537 1092 2574 arena.
1114 2519 1208 2588 Quem

134 2607 260 2680 pudori,
277 2627 395 2683 quaeso,
411 2612 507 2667 locum
522 2609 660 2684 relinquit
670 2610 783 2681 mulier,
800 2629 864 2685 qua
880 2621 938 2666 tam
954 2609 1138 2684 impudenter
1155 2629 1208 2686 ga-

135 2697 208 2754 leam
225 2711 255 2756 et
273 2719 353 2757 arma
367 2701 535 2778 gladiatoria
551 2701 673 2758 iuduere
688 2721 747 2759 uon
762 2701 897 2771 veretur,
915 2718 1000 2774 quam
1016 2699 1113 2756 innata
1127 2701 1208 2756 sexui

134 2791 309 2848 verecundia
327 2803 356 2849 et
373 2793 512 2850 modestia
528 2813 589 2849 non
607 2792 755 2850 deterret?
773 2798 859 2850 Amat
876 2791 993 2862 viriles,
1012 2791 1097 2848 duras
1114 2803 1206 2849 secta-

134 2890 183 2937 tur
193 2882 429 2955 exercitationem
442 2894 537 2940 tamen
557 2903 589 2942 ea
606 2873 668 2960 ipsa
689 2886 781 2942 nollet
799 2867 928 2940 fierinir
948 2904 954 2938 :
975 2902 1042 2938 nam
1059 2884 1208 2940 masculini

135 2991 218 3030 sexus
233 2995 321 3050 qnam
341 2977 456 3034 modica
473 2987 516 3032 est
533 2978 681 3052 voluptas,
698 2978 723 3032 si
737 2975 867 3035 femineis
883 2974 993 3032 deliciis
1010 2979 1207 3049 comparetur!

134 3085 225 3142 porro
239 3086 327 3142 qnam
346 3068 458 3126 illustre
477 3068 618 3144 praebebit
640 3069 751 3143 populo
768 3069 961 3142 spectaculum
978 3064 1082 3141 conjnx
1101 3079 1165 3141 tua,
1182 3071 1206 3128 si

134 3157 321 3214 domesticam
332 3158 551 3235 supellectilem,
562 3159 696 3215 auctione
704 3159 874 3229 constituta,
885 3159 956 3213 velit
966 3159 1107 3232 vendere,
1116 3181 1207 3236 quum

132 3250 320 3324 proferentur
332 3251 364 3306 in
377 3251 504 3308 medium
518 3250 644 3322 balteus,
666 3250 759 3308 ferrea
778 3269 915 3306 manuum
935 3251 1076 3326 tegmina,
1095 3254 1205 3326 crista,

133 3353 162 3398 et
184 3343 295 3400 sinistri
311 3343 393 3420 pedis
412 3343 656 3420 integumentum!
681 3353 749 3412 aut,
770 3343 795 3401 si
813 3361 936 3399 uxorem
959 3353 1037 3398 tunm
1059 3343 1205 3418 juniorem

133 3436 187 3492 alia
207 3436 402 3513 gladiatorum
424 3437 538 3512 praelia,
560 3436 592 3493 id
612 3445 671 3502 est,
691 3435 715 3491 si
729 3446 787 3491 tam
801 3435 911 3492 retiarii
924 3455 1009 3509 quam
1023 3437 1206 3494 mirmillonis

132 3539 229 3603 partes
243 3528 401 3601 delectant,
417 3529 537 3586 babebis
552 3527 683 3604 prolecto
702 3547 755 3584 cur
773 3525 827 3583 tibi
845 3527 982 3602 plaudas,
1001 3547 1090 3602 quum
1107 3547 1205 3585 ocreas

132 3621 191 3696 ipsa
210 3640 275 3678 suas
290 3621 405 3678 vendet.
423 3622 515 3696 Atqui
532 3621 587 3678 illae
606 3621 688 3696 ipsae,
707 3619 732 3677 si
746 3615 850 3676 leviori
864 3631 944 3678 veste
956 3639 1012 3695 per
1023 3633 1148 3677 aestatem
1161 3621 1205 3678 in-

132 3715 272 3785 duantur,
290 3715 395 3772 sudare
412 3735 441 3772 se
460 3727 490 3772 et
507 3715 619 3773 enecari
632 3714 779 3772 clamitant
797 3736 804 3771 :
828 3731 927 3770 earum
943 3711 1093 3770 delicatam
1109 3725 1202 3771 cutem

131 3808 238 3883 premit
252 3809 419 3884 cruciatque
433 3808 529 3864 tunica
541 3808 611 3865 levis
626 3827 641 3864 e
653 3805 752 3863 subtili
764 3805 908 3880 bombyce
921 3807 1049 3862 conlecta
1070 3827 1077 3862 ε
1098 3806 1203 3864 eaedem

131 3895 203 3957 rer'o
216 3919 307 3975 quum
321 3900 359 3957 ad
375 3898 572 3975 gladiatoriam
592 3910 716 3954 artenia
734 3895 834 3953 lanista
853 3908 1040 3965 exercentur,
1060 3897 1127 3955 vide
1147 3919 1204 3974 qua

132 3993 321 4051 contentione
334 3992 414 4050 vocis
429 4013 462 4048 ac
476 3991 573 4048 vultus
586 3990 708 4048 dictatos
726 4009 743 4046 a
761 3989 900 4064 magistro
920 3989 993 4045 ictus
1015 3988 1046 4043 in
1068 3990 1202 4049 adversa-

130 4087 208 4143 rium
219 4085 367 4163 dirigant?
381 4105 466 4160 mnam
478 4083 595 4141 fortiter
605 4103 637 4139 ac
650 4095 765 4140 strenue
777 4083 870 4138 lerant
882 4099 954 4136 onus
966 4079 1105 4154 impositae
1117 4083 1202 4158 capiti

130 4182 235 4254 galeae,
252 4179 383 4256 quamvis
396 4197 431 4236 eo
441 4177 571 4252 pondere
583 4175 751 4232 incurvetur
762 4173 859 4231 cervix
871 4192 903 4229 ae
912 4172 1061 4229 subsidat?
1074 4195 1159 4250 quam
1171 4197 1202 4234 se

129 4272 225 4332 limnas
239 4284 270 4333 et
286 4271 409 4351 grandes
419 4270 582 4343 exhibeant,
594 4287 679 4327 crura
690 4267 830 4343 tibiasque
841 4265 1036 4338 extendendo,
1047 4263 1199 4339 flectendo,
