3148 4990
299 633 595 751 VARIAE
642 631 1124 752 LECTIONES

577 899 652 990 ET
683 899 862 994 NOTAE

417 1136 478 1212 tn
505 1133 1022 1234 strtnautrniutn.

669 1385 779 1400 —

180 1668 269 1722 liora.
294 1685 306 1720 s
321 1685 379 1740 seq.
396 1633 496 1720 Rosa
510 1668 572 1721 olim
586 1679 684 1742 poete,
696 1667 814 1722 historici
826 1681 852 1722 et
864 1682 994 1736 oratores,
1007 1689 1179 1746 quaecumque
1190 1679 1255 1730 mi.

180 1763 299 1824 pserunt,
313 1763 466 1822 antequam
474 1770 502 1804 ea
511 1753 538 1804 in
546 1753 639 1823 vulgus
647 1751 769 1819 ederent,
782 1754 872 1807 amicis
879 1755 988 1808 recitare
995 1756 1121 1812 solebant.
1132 1760 1212 1826 Quod
1218 1763 1258 1814 in-

182 1835 301 1886 stitutum
312 1834 391 1886 initio
400 1833 556 1906 praeclarum
565 1833 630 1900 luit,
645 1847 670 1886 et
679 1834 826 1889 excolendis
835 1837 945 1908 ingeniis
954 1837 1080 1910 librisque
1088 1842 1258 1897 emendandis

183 1917 369 1970 utilissimum:
381 1917 460 1988 pauci
468 1916 536 1970 enim
546 1957 553 1982 ‚
562 1917 634 1988 iique
642 1917 744 1970 subacti
751 1917 843 1989 judicii
852 1959 859 1984 ,
867 1920 1257 1993 viriinviuhanmrmtlihese,

184 2001 249 2074 quid
262 2002 408 2070 sentirent,
428 2020 539 2074 quasque
552 2001 602 2054 sibi
620 2021 713 2076 parum
729 2002 863 2074 probanda
877 2003 1043 2066 viderentur,
1065 2021 1256 2080 expromerent.

184 2085 285 2138 Verum
296 2085 463 2140 consuetudo
474 2085 521 2138 ists
534 2103 595 2138 mor
608 2085 643 2138 its
654 2086 857 2152 immutabatur,
870 2100 899 2142 ut
906 2089 1062 2144 recitatores
1072 2110 1125 2148 non
1136 2094 1258 2164 precibus

185 2181 302 2238 uatum,
314 2170 358 2222 vel
367 2169 449 2242 gratia
460 2182 485 2222 et
496 2169 649 2224 auctoritate
656 2189 714 2235 sua,
724 2168 769 2224 sed
778 2171 892 2244 praemiis
899 2189 1005 2244 quoque
1014 2173 1164 2244 propositis,
1173 2177 1258 2247 pretio

185 2253 274 2320 restis,
284 2272 376 2318 eoenae,
387 2253 574 2324 sportularum,
585 2265 647 2318 etc.,
661 2252 778 2322 clientes,
786 2255 829 2311 sel
837 2254 948 2310 aliorum
957 2254 1095 2309 hominum
1104 2274 1225 2328 magnam
1234 2271 1260 2314 et

185 2336 336 2407 imperitam
347 2335 452 2386 turbam
463 2333 497 2386 ad
509 2333 669 2388 audiendum
681 2335 819 2402 elicerent,
831 2348 857 2388 et
866 2336 941 2410 quasi
951 2347 1081 2402 emerent,
1093 2355 1124 2388 eo
1133 2340 1243 2397 consilio
1250 2381 1258 2406 ,

185 2425 215 2465 ut
224 2414 326 2485 singssla
337 2413 372 2466 ab
382 2413 414 2466 iis
424 2431 471 2465 ore
480 2413 597 2484 pleniore
607 2412 776 2468 laudarentur
788 2413 874 2482 (unde
883 2431 936 2464 non
947 2413 1074 2467 inurbane
1084 2415 1113 2466 hi
1124 2415 1261 2484 ἵοφοιιλιῖε

187 2497 350 2550 vocabantur
363 2508 388 2549 et
402 2499 575 2564 laodiceni),
590 2497 633 2552 sel
647 2495 782 2548 incondito
796 2496 977 2566 exciperentur
995 2495 1108 2553 clamore
1123 2518 1153 2554 ao
1166 2501 1261 2572 plausu

82 2618 90 2641 ,
188 2577 259 2646 (sid.
274 2579 344 2651 inpr.
359 2577 427 2631 Plin.
444 2579 494 2652 Ep.
510 2579 555 2644 11,
570 2580 634 2648 110:
657 2597 689 2630 ex
704 2596 758 2650 quo
776 2577 848 2628 inani
866 2576 950 2630 laudis
970 2577 1071 2644 studio,
1091 2597 1153 2637 mos
1170 2584 1260 2644 insana

188 2660 320 2724 suibendi
334 2672 359 2713 et
372 2661 399 2712 in
414 2660 507 2736 primis
521 2659 644 2731 poetandi
657 2658 772 2711 manavit
786 2658 887 2733 libido,
908 2679 966 2731 quae
977 2661 1108 2731 ingentem
1122 2662 1261 2724 hominum

187 2745 384 2798 multitudinem
405 2758 538 2817 tamquam
562 2744 693 2816 pestilenti
711 2742 797 2798 sidere
816 2741 931 2810 afflatio
952 2757 978 2796 et
997 2745 1095 2818 mirum
1108 2747 1136 2798 in
1151 2749 1260 2804 modum

187 2841 263 2880 ancta
275 2841 326 2897 est,
338 2846 420 2900 quum
432 2828 525 2882 astutia
538 2827 736 2900 imperatorum,
746 2825 793 2898 qui
805 2825 874 2878 cives
888 2824 921 2878 ad
933 2826 1016 2878 otium
1029 2847 1044 2878 a
1054 2827 1161 2882 militari
1173 2830 1261 2888 studio

188 2911 355 2984 publicisque
373 2911 483 2982 negotiis
502 2909 688 2976 traducebant,
708 2921 764 2960 tuns
781 2909 907 2980 exemplis
927 2907 1038 2966 Neronis
1057 2921 1089 2964 et,
1099 2912 1261 2980 Domitiani,

188 2999 235 3070 qui
251 2998 346 3058 lamam
360 3009 498 3070 poetarum
512 2995 563 3068 ipsi
577 2994 734 3048 affectabant
746 2994 788 3061 (s.
803 2991 875 3060 VII,
890 2991 991 3049 36-52
1005 3013 1013 3059 ;
1030 3005 1055 3046 et
1068 2993 1159 3049 Horat.
1176 2995 1260 3068 Epist.

188 3079 233 3146 11,
256 3095 288 3148 s,
309 3063 471 3146 soii-118).
492 3075 685 3148 Sapientiores,
703 3077 750 3147 qui
766 3073 890 3142 aderant,
909 3086 934 3127 et
947 3073 1075 3130 doctiores
1092 3095 1127 3132 ne
1144 3079 1262 3144 animum

188 3157 298 3231 quidem
318 3170 343 3210 et
360 3174 436 3208 aures
453 3154 486 3207 ad
503 3154 630 3228 ejusmodi
649 3154 829 3224 recitationes,
843 3155 885 3208 sel
899 3156 1075 3227 praelectiones
1089 3170 1115 3210 st
1132 3148 1263 3222 dandulus

188 3240 359 3294 advertebant
371 3260 378 3305 ;
392 3239 435 3291 sel
447 3236 573 3289 audiendi
586 3235 691 3290 fastidio
704 3238 925 3303 conficiebantur,
944 3237 1015 3290 unde
1026 3238 1055 3292 h.
1070 3239 1089 3291 l.
1103 3253 1213 3292 verano
1225 3255 1262 3291 to·

187 3325 261 3374 tiss&
284 3322 375 3386 Quum
395 3320 485 3391 itaque
504 3319 554 3372 illis
574 3319 736 3390 temporibus
755 3338 807 3372 non
825 3317 921 3384 modo,
943 3321 1102 3388 monstris,
1125 3334 1163 3374 tot
1179 3323 1262 3395 jejuni

188 3405 272 3458 libelli
284 3403 403 3476 qnotidie
412 3403 604 3456 lumbricorum
617 3403 855 3460 vermiculorumse
867 3404 949 3456 instar
960 3404 1133 3475 pullularent,
1146 3407 1193 3460 sed
1204 3425 1262 3460 om-

611 3567 841 3587 mm

228 3689 237 3714 ¹
257 3677 707 3744 Vid·2dV1¹‚d⁰sWI-(Ubiifl'
751 3679 937 3741 ¹¹4³·125043
957 3679 1264 3742 1⁸,tseq.ll‚1lptv,

190 3757 707 3826 dgussslnsnnTac.daorsto.9‚sd·
752 3757 1264 3821 3ηκᾳ.ι3,ιίιᾳ.Ἦ,η;ΥΙΙ,η;

187 3839 307 3906 scripsi),
317 3851 342 3890 st
350 3842 429 3900 xm,
444 3839 490 3897 32,
502 3839 543 3896 33.
553 3837 659 3887 unuin.
670 3837 707 3894 tt,
750 3838 826 3895 vm,
840 3853 884 3895 123
896 3838 963 3901 Lips.
972 3838 1049 3901 Epist.
1058 3837 1090 3884 sd
1100 3838 1185 3902 Belgas
1194 3841 1263 3888 Cant.

190 3937 240 3984 ης
254 3925 341 3973 Horat.
356 3921 435 3986 Epist.
450 3922 479 3978 1,
496 3935 542 3982 sp,
558 3917 605 3976 35,
620 3931 670 3980 ως.
683 3926 708 3964 et
750 3917 789 3976 11,
808 3917 858 3976 483
871 3918 936 3980 Opp.
950 3926 1009 3964 ton.
1023 3917 1064 3974 tt,
1077 3931 1133 3980 pag.
1148 3918 1198 3980 893
1212 3933 1263 3980 seq.
1304 3941 1313 3960 0

187 4003 222 4052 Δ.
232 4003 335 4064 2619,
346 4016 399 4064 seq.
413 4008 481 4060 474,
491 4013 540 4060 seq.
548 3998 614 4046 Pars.
626 4006 669 4044 sat.
681 3997 706 4056 l,
750 3994 872 4044 Plutarch.
884 3983 946 4060 'spi
956 3990 1002 4044 ssi
1014 3984 1125 4056 &aslum
1138 3995 1263 4054 manha,

189 4083 238 4138 ιδ,
257 4097 308 4144 seq.
328 4080 379 4139 53,
400 4076 477 4127 etad
497 4092 553 4130 enm
566 4075 666 4139 ttoeutg
683 4084 708 4126 et
750 4072 782 4122 sd
795 4072 959 4136 Theophrasti
972 4073 1143 4135 (Isarscteres,
1157 4091 1210 4138 esp.
1224 4076 1262 4131 Π,

183 4159 291 4208 Casula.
303 4175 360 4224 pag.
375 4158 427 4220 55,
443 4171 494 4219 seq.
509 4157 558 4217 68,
571 4171 622 4218 seq·
642 4154 706 4208 tus.
753 4155 783 4214 3,
795 4169 850 4218 pag.
864 4169 919 4214 ¹⁷0·

1077 4259 1105 4298 9..
