3056 4984
400 507 453 572 ΙΝ
477 507 707 571 sirmam
729 505 951 570 suxisti.
1146 499 1208 592 395

137 624 171 677 tio
182 621 323 676 abstemias
333 621 423 686 inisse,
437 621 650 694 institutumque,
662 631 692 674 ut
701 621 817 692 cognatis
831 621 951 673 osculum
963 619 1060 672 iesueut
1068 620 1209 692 aeprehen-

137 705 216 761 dendi
225 707 272 774 (ai.
285 703 516 778 deprehendendi)
526 723 615 758 caussa
625 746 632 770 ,
644 718 673 757 ut
682 704 749 757 odor
760 703 891 758 indicium
901 704 1008 768 taceret,
1019 703 1040 756 si
1048 703 1174 758 bibissent
1183 723 1190 756 ε
1199 727 1211 750 a

137 791 205 844 malo
216 803 305 843 tamen
315 790 358 842 ael
366 789 400 843 de
407 790 512 843 famosis
523 787 680 860 intelligere„
693 807 758 860 quas
766 789 869 860 cognati
881 801 934 841 non
943 789 1129 842 osculabantur
1141 788 1210 856 (cie.

137 873 203 944 frag.
220 879 236 936 4
250 871 284 925 de
299 873 474 944 Republic.),
493 873 536 925 vei
548 871 582 924 de
595 873 697 944 spurcis
716 885 742 925 et
761 873 873 944 impuris
887 872 1066 926 senatricibus.
1077 897 1089 916 n
1106 870 1147 923 Ad
1163 871 1212 923 tet-

136 956 261 1008 lationem
269 956 326 1008 hac
337 957 417 1008 verba
427 958 546 1010 reiciunt
555 957 631 1010 etiam
642 955 734 1008 Burm.
745 955 778 1008 ad
789 955 895 1008 Penon.
906 971 934 1022 9,
948 967 973 1007 et
984 955 1076 1008 Heius.
1087 954 1166 1008 Cous.
1178 951 1212 1007 ad

137 1037 992 1110 n.301,306;x,238;ttania1.11,28‚s;X1,62‚neq.

169 1135 240 1188 ttoa.
263 1133 295 1187 ⁵1
310 1153 365 1207 seq,
378 1139 453 1187 Necte
464 1153 576 1188 somnam
584 1139 705 1203 postibus,
717 1145 780 1198 etc„
792 1134 844 1186 hoc
858 1138 907 1195 cst,
919 1136 973 1206 jam
987 1133 1069 1205 igitur
1080 1129 1134 1185 duc
1144 1149 1212 1184 uxo·

137 1232 204 1276 tem.
215 1235 301 1290 quum
311 1219 369 1272 talis
377 1219 410 1272 sit
419 1220 469 1272 nvi
478 1220 560 1272 nostri
570 1218 696 1272 conditio.
710 1218 761 1271 Per
767 1217 912 1270 ludibrium
919 1215 975 1270 hnc
982 1215 1062 1270 dicta.
1071 1217 1105 1268 in
1113 1216 1212 1288 nuptiis

137 1319 199 1354 veto
208 1301 321 1374 aliisque
332 1303 502 1368 solemnibus,
515 1313 540 1354 et
549 1302 576 1353 in
586 1301 675 1354 laetitia
685 1313 737 1354 tam
750 1300 855 1373 publica
864 1319 943 1372 quam
954 1299 1058 1374 privata
1069 1301 1138 1352 iores
1149 1311 1213 1351 tem·

137 1384 240 1454 plorum
261 1385 412 1458 tediumque
426 1385 515 1438 ornari
532 1385 650 1438 solebant
667 1386 771 1448 oomnis,
790 1403 837 1436 seu
853 1383 945 1449 sertis,
966 1383 1084 1445 corollis,
1104 1379 1214 1434 floribus

140 1465 331 1539 imndiltusqne
341 1472 517 1534 emiorum,
530 1466 582 1520 hoc
593 1479 631 1520 est
640 1508 648 1532 ,
658 1465 776 1529 hederae,
786 1466 869 1531 lami,
880 1467 957 1532 olen,
969 1465 1049 1538 myrti
1058 1473 1215 1530 ,sosoma

139 1581 172 1590 -
184 1554 274 1610 Necte,
291 1551 415 1618 adnecte,
427 1552 528 1624 applica
537 1554 657 1619 postibus,
669 1550 711 1602 vei
722 1563 790 1600 necte
799 1567 914 1600 coronam
928 1548 956 1599 in
967 1559 1089 1600 ornatum
1096 1548 1214 1614 postium.

174 1700 243 1748 Vsa.
258 1701 301 1748 ⁵2.
312 1699 387 1748 Necte
397 1701 535 1764 protende,
549 1702 589 1758 ιδ,
601 1703 642 1760 16,
655 1717 694 1761 ι7,
705 1699 749 1758 2⁵,
759 1699 801 1758 26,
811 1699 924 1759 ti-tss,
935 1699 1049 1759 ⁵5-61,
1059 1697 1102 1759 63,
1112 1697 1161 1758 64,
1171 1697 1215 1758 66,

141 1793 165 1832 et
175 1781 278 1846 quidam
289 1782 369 1832 Codd.
381 1784 456 1832 Puris.
469 1784 517 1832 Sed
528 1785 559 1833 ita
570 1783 636 1832 idem
645 1783 748 1832 verbum
759 1793 917 1847 repetentur.

173 1877 240 1925 Van.
261 1876 276 1924 5
280 1879 303 1924 3.
315 1879 374 1925 Post
385 1877 477 1946 sufficit
487 1880 620 1943 Grangaeus
629 1879 701 1927 etalii
711 1878 748 1926 acl
757 1888 891 1942 punctum,
899 1877 937 1924 vel
945 1877 1041 1941 signnm
1050 1875 1151 1924 exciam.
1163 1889 1217 1922 non

140 1961 284 2026 interrogat.
297 1971 407 2025 ponunt,
421 1972 448 2010 nt
461 1963 512 2010 sint
523 1963 597 2010 verba
611 1963 721 2011 Postumi
736 1975 798 2008 teneas
813 1960 919 2009 Iberinoe
930 1958 975 2007 ‘uir
985 1957 1091 2026 sufficit,
1105 1959 1216 2019 honest,

80 2043 84 2055 '
140 2062 191 2094 msa
202 2061 268 2094 uxor
279 2056 345 2094 easta
355 2056 403 2106 est,
416 2047 454 2094 vel
467 2047 526 2107 erit,
540 2057 563 2094 et
575 2063 656 2106 erras,
670 2047 714 2110 qui
725 2045 816 2094 nullam
828 2055 900 2110 putas
912 2043 1019 2092 inveniri
1028 2042 1151 2108 pudicam.

172 2139 243 2192 Nor.
266 2140 300 2193 53
313 2159 368 2212 seq.
382 2140 453 2192 Num
466 2143 580 2201 lbertna,
593 2157 673 2212 quam
684 2139 813 2192 ducturus
824 2157 851 2191 es
860 2155 971 2190 uxorem
986 2135 1044 2205 (vel
1058 2153 1149 2188 verum
1157 2174 1165 2201 ,
1174 2132 1217 2186 ael
1305 2197 1307 2208 Ι

140 2220 230 2274 fictum
243 2239 347 2294 sponsat
359 2225 475 2292 nomen)
486 2240 540 2274 uno
552 2222 611 2274 viro
623 2232 761 2286 contenta,
775 2221 827 2274 hoc
837 2233 891 2286 cst,
903 2233 972 2274 casta
986 2219 1050 2280 erit,
1062 2230 1091 2270 ut
1101 2228 1217 2291 putasae

140 2301 245 2375 speras?
260 2303 346 2357 [mmo
360 2323 423 2358 vero
439 2307 505 2355 ocius
519 2307 583 2357 illud
592 2307 752 2374 extorquebis,
768 2304 872 2357 facilius
885 2305 957 2356 illam
972 2303 999 2354 in
1017 2301 1086 2354 hanc
1100 2299 1218 2373 impeiloe

141 2399 271 2454 mentem,
284 2406 331 2440 seu
342 2405 399 2440 eam
412 2389 558 2461 perpelles,
574 2400 603 2440 ut
615 2408 663 2438 uno
673 2391 751 2447 oculo,
764 2404 843 2459 qnam
856 2395 887 2438 ut
900 2402 954 2439 uno
967 2385 1026 2437 viro
1036 2395 1148 2436 menta
1157 2385 1198 2434 sit.

177 2483 247 2537 Noc.
269 2483 312 2546 54.
327 2483 405 2538 Cous.
417 2485 508 2537 Horat.
519 2484 571 2537 Sat.
582 2483 625 2550 11,
637 2483 662 2550 5,
673 2482 705 2536 35
715 2503 722 2550 ;
734 2483 781 2536 Sil.
792 2483 841 2549 lV,
853 2482 915 2554 758,
926 2480 987 2552 759.

174 2637 244 2684 Vn.
265 2633 307 2683 55.
324 2633 483 2700 cujusquam,
498 2637 538 2697 73.
553 2634 694 2700 tegendum
704 2633 804 2681 videtur
813 2631 929 2699 cujusque
938 2631 963 2680 in
974 2647 1028 2679 ms
1033 2639 1089 2695 pat.
1101 2625 1219 2679 Viventis.

175 2727 246 2780 Noa.
268 2726 301 2780 55
315 2745 372 2798 sqq.
386 2729 421 2779 At
433 2727 503 2780 dicat
517 2727 603 2780 forsan
616 2725 724 2798 aliquis,
739 2724 868 2796 virginem
883 2723 925 2776 vel
943 2733 1090 2775 matronam
1108 2719 1164 2772 ruri
1176 2719 1219 2771 vi·

143 2821 246 2864 rentem
260 2809 363 2882 (qualis
373 2811 440 2862 forte
451 2827 547 2882 sponsa
562 2809 612 2870 fuit
623 2809 760 2878 Postumi)
772 2809 916 2861 castitatem
926 2822 1047 2872 amare,
1059 2816 1085 2859 et
1097 2804 1124 2856 in
1135 2802 1204 2874 aptis
1210 2841 1219 2869 ,

142 2891 187 2944 ubi
204 2910 293 2946 moses
307 2892 393 2947 minus
404 2933 412 2960 ,
424 2911 504 2965 quam
522 2893 550 2944 in
562 2891 688 2965 oppidis,
705 2892 825 2965 con-opti
838 2892 906 2958 sint,
921 2889 1044 2943 mulieres
1053 2888 1133 2941 etiam
1148 2901 1220 2940 uuna

142 2974 277 3047 pudicitie
291 2978 382 3045 fam,
397 2976 588 3030 existimatione
600 2995 632 3030 ac
649 2976 744 3042 laude,
757 2977 913 3049 cmspicuas
922 2974 1042 3046 reperiri.
1057 2971 1158 3024 Audio:
1173 2969 1220 3022 scd

142 3079 201 3132 qua
217 3063 243 3112 ia
260 3079 321 3130 agro
338 3073 408 3114 caste
424 3063 507 3122 vixit,
522 3060 557 3112 ita
568 3060 646 3114 ctiam
660 3063 745 3112 Gabiis
758 3073 784 3112 et
799 3061 906 3123 Fidum,
923 3058 975 3114 hoc
987 3067 1040 3116 est,
1054 3055 1081 3107 in
1095 3051 1219 3126 oppidis,

142 3148 227 3198 vivat!
238 3146 308 3215 (uisi
319 3147 411 3199 maiis:
425 3157 452 3198 at
464 3145 556 3200 eadem
566 3147 674 3210 mulier,
685 3164 744 3217 quas
754 3145 783 3196 in
793 3163 856 3215 agro
867 3154 937 3196 caste
948 3140 1027 3206 vixit,
1037 3143 1091 3212 jam
1106 3137 1177 3189 vivat
1190 3137 1219 3190 in

142 3231 267 3303 oppidis,
286 3249 445 3304 quamquam
458 3231 546 3304 parvis
560 3251 591 3284 ac
604 3231 730 3296 desectis,
750 3229 792 3282 vel
810 3227 877 3281 adso
889 3229 997 3290 Romam
1012 3221 1149 3296 quomodo
1161 3233 1219 3274 tum

143 3317 253 3387 viseti)
271 3321 304 3367 Bt
315 3321 343 3368 in
354 3321 435 3386 agelio
443 3316 551 3388 quidem
561 3330 665 3384 patenas
676 3333 734 3368 sam
745 3325 814 3368 caste
826 3313 922 3368 vixisse
936 3315 1004 3371 cedo,
1018 3307 1144 3363 concedo.
1160 3309 1219 3375 Quis

141 3413 224 3452 umes
238 3401 363 3472 affirmet,
379 3399 535 3466 contendat,
546 3403 571 3450 a'a
583 3400 702 3450 mamitus
714 3411 759 3447 aut
769 3398 898 3464 speluncis,
910 3411 973 3466 agro
985 3403 1095 3465 patu-no
1106 3389 1217 3455 vicinis,

144 3484 213 3544 cusi
222 3503 277 3536 non
284 3485 372 3556 palam
380 3525 387 3551 ,
395 3495 465 3536 certe
474 3483 557 3548 clam,
569 3485 632 3534 sitit
640 3480 771 3554 impudici
780 3497 840 3533 cum
851 3491 877 3530 et
885 3479 919 3530 ab
927 3497 957 3530 ea
966 3490 1063 3538 mun,
1077 3475 1120 3529 vei
1130 3475 1218 3526 lahem

144 3566 277 3638 pudicitia
287 3571 344 3640 ejas
360 3565 528 3639 adspersam,
545 3579 666 3638 stuprum
681 3565 705 3616 ci
721 3563 822 3616 illatum
839 3561 912 3614 esse?
925 3563 1018 3614 Mauso
1031 3569 1136 3624 monet,
1150 3555 1219 3609 nihii

144 3649 241 3704 horum
253 3664 338 3723 poete
350 3651 377 3703 in
388 3663 503 3704 mentem
512 3651 632 3716 venisse,
646 3648 693 3702 ssd
704 3665 780 3712 eum,
792 3645 829 3700 de
839 3643 959 3697 omnium
970 3644 1110 3697 mulierum
1121 3641 1219 3694 virtute

145 3745 170 3786 at
189 3735 266 3788 illusa
288 3734 415 3806 pudicitia
442 3734 606 3790 dubitantem
619 3773 626 3800 ,
648 3732 751 3794 amico,
771 3746 819 3784 sus
837 3729 959 3801 rurisque
979 3745 1064 3782 motus
1085 3724 1218 3790 laudanti,

146 3815 325 3888 cespondcae:
348 3817 498 3872 -uubeam
513 3817 653 3883 fateor,·in
666 3815 736 3887 agris
748 3815 836 3868 minus
852 3813 975 3886 peccari,
993 3829 1076 3886 quum
1090 3809 1218 3882 peccandi

566 3985 701 4004 mmmm
706 3986 796 4003 tuus

183 4109 192 4134 ¹
205 4101 283 4150 cont.
295 4101 400 4150 innan.
409 4119 453 4165 79,
464 4117 524 4162 227,
537 4097 659 4162 228311,
703 4099 803 4163 Cui-lpp.
817 4115 842 4163 p.
860 4091 1085 4156 1503'Wsmsdnri.
1097 4093 1128 4142 ad
1140 4091 1217 4143 unfit.

151 4183 194 4240 st;
209 4183 246 4238 Χ,
260 4182 309 4240 65,
323 4183 386 4239 xn,
400 4183 447 4239 84,
463 4197 509 4244 9η
526 4181 616 4246 Gierig.
628 4181 658 4228 nd
703 4179 795 4239 itimi,
804 4178 900 4235 samin
909 4179 976 4225 Post.
988 4177 1028 4225 iat.
1040 4177 1101 4223 min.
1114 4185 1174 4223 tom.
1183 4175 1217 4233 V,

149 4260 221 4308 Otid.
235 4262 337 4309 statam.
350 4255 394 4320 IV,
404 4262 471 4324 7⁵93
485 4263 618 4326 nompnar.
628 4261 659 4310 ad
703 4275 758 4325 pag.
768 4260 856 4322 timet
865 4259 971 4324 Kosuig.
979 4257 1011 4305 ad
1020 4255 1215 4315 manthos.
