3058 4988
406 481 460 546 IN
483 478 715 546 SATlllAM
736 481 954 548 SEXTAM.
1148 481 1212 560 405

147 609 217 658 quem
236 593 263 642 iu
280 595 375 644 Corum.
391 595 505 657 laudavi,
522 606 550 644 nt
567 595 639 644 ludes
652 596 748 646 dicatur
759 614 806 662 pno
823 596 903 655 ludio,
918 595 1126 660 quemadmodum
1139 611 1216 661 regna

144 693 190 740 pro
205 677 316 743 regibus,
331 688 356 727 et
369 679 457 727 cimilia
477 678 566 744 passim
582 679 662 726 obvia.
681 679 729 727 Sed
741 680 824 728 Iudam
835 679 973 744 repoauieae
989 677 1105 728 videntur
1122 678 1218 726 librarii

146 769 223 806 metro
236 759 357 808 timentes.
371 760 473 808 Ludium
492 776 550 808 vero
566 746 737 811 δὶσνῦλλιέος
752 775 803 808 vox
816 769 865 818 eat,
885 758 1007 807 efferenda
1024 775 1069 824 per
1088 747 1217 825 σνιῖζηπν.

147 838 217 886 tons.
229 841 281 900 x1,
295 857 341 901 ao,
353 851 378 889 et
386 857 440 905 aup.
448 839 480 887 ad
487 841 531 900 Ν,
544 841 584 902 37.
598 839 678 887 mdia
689 849 783 898 tamen,
794 856 817 886 v.
830 847 893 898 ιο4,
907 826 1076 907 epitimia
1084 848 1129 885 eat.

178 929 247 986 Noe.
268 933 301 984 aa
316 951 374 1004 sqq.
396 930 477 996 Quod
495 931 617 984 univerae
634 928 668 982 de
684 941 864 1012 matronarum
881 930 1007 984 effrenata
1025 927 1136 981 libidine
1151 926 1218 980 dixit

144 1025 218 1082 poeta
229 1054 237 1080 ,
244 1017 298 1087 jam
309 1015 403 1087 prohat
413 1015 577 1086 illuauatque
588 1013 722 1085 exemplis,
732 1010 876 1085 etquidem
886 1014 940 1067 hoc
951 1014 1010 1067 loco
1020 1014 1114 1081 Hippiae
1125 1014 1171 1081 (cf.
1180 1012 1217 1078 X,

146 1099 219 1167 aao),
236 1117 296 1170 que
312 1117 380 1150 uxor
392 1097 506 1150 Fabricii
520 1097 674 1151 Veientouia
686 1101 805 1150 senatoris
820 1095 865 1167 (de
878 1115 932 1170 quo
943 1097 998 1151 vid.
1014 1117 1053 1151 va.
1073 1097 1135 1162 113,
1146 1109 1172 1150 et
1184 1097 1218 1149 ad

145 1179 195 1244 IV,
211 1182 279 1250 113)
296 1201 357 1236 cum
370 1182 461 1254 Sergio
474 1181 617 1255 gladiatore
633 1183 661 1234 in
673 1185 819 1256 AEgypturn
834 1183 964 1255 migravit.
978 1182 1069 1236 Simile
1080 1182 1145 1256 quid
1156 1201 1219 1234 nar·

145 1263 196 1315 rari
209 1283 224 1317 a
236 1264 362 1338 Parthen.
375 1265 475 1320 Erotio.
490 1286 514 1319 c.
530 1284 581 1337 η,
600 1266 633 1319 de
646 1267 755 1319 Alcinoe
766 1279 792 1319 et
802 1266 926 1330 Xantho,
941 1265 1044 1318 monuit
1053 1264 1170 1318 Hennin.
1182 1295 1219 1306 -

145 1349 230 1411 badii,
240 1368 287 1402 aeu
302 1353 411 1402 ludiones
420 1351 484 1403 olim
497 1349 653 1404 dicebantur
664 1349 804 1406 histriones
812 1364 838 1405 et
847 1353 990 1417 saltatores,
1000 1350 1142 1405 aerioribua
1155 1370 1219 1405 vero

146 1433 307 1504 temporibus
316 1452 407 1506 propr.
420 1434 585 1506 gladiatores,
596 1434 746 1506 horumque
759 1435 847 1489 achola
858 1439 941 1496 Iudae·
954 1433 1025 1488 unde
1035 1445 1061 1488 et
1071 1437 1140 1488 ὶιιᾰία
1150 1435 1219 1488 insra

146 1533 182 1568 va.
198 1523 260 1580 ιο4.
272 1517 385 1591 Hippia,
399 1517 480 1586 ludii,
494 1519 545 1572 hoc
556 1530 610 1584 eet,
623 1517 708 1589 Sergii
720 1517 881 1590 gladiatoria,
894 1531 990 1572 uxor.¹
1091 1586 1102 1603 ι

179 1663 247 1710 Van.
268 1665 311 1714 ⁸3.
323 1664 493 1730 Formorr'qne,
511 1666 550 1714 16.
565 1665 739 1729 Fomosaqua,
754 1681 799 1726 aa,
813 1666 854 1716 ts.

177 1757 248 1811 Nox.
270 1758 302 1812 83
313 1800 321 1825 ,
331 1761 375 1822 84.
385 1762 516 1834 AEgyptua
525 1759 677 1832 designatur
687 1777 762 1812 more
769 1772 918 1832 poetarum,
926 1792 961 1802 -
971 1763 1065 1812 Pharos
1074 1779 1145 1815 nunc
1155 1779 1219 1814 con·

144 1841 244 1907 tineas,
259 1854 285 1895 at
297 1844 361 1896 olim
375 1862 454 1916 parva
469 1843 519 1897 ine.
534 1843 657 1916 AEgypti‚
668 1860 728 1896 cum
741 1841 898 1895 Alexandria
912 1861 1007 1916 aggere
1020 1843 1221 1915 (heptastadio)

145 1936 168 1976 et
188 1937 271 1995 ponte
286 1929 391 1998 juncta,
409 1926 456 1978 uhi
473 1927 552 1979 turris
572 1926 624 1978 fuit
641 1925 740 1979 excelsa
756 1937 782 1978 et
796 1944 941 1978 marmorea
959 1925 1076 1998 ejusdem
1088 1927 1219 1987 nominis,

142 2009 215 2081 justu
225 2008 360 2062 Ptolemaei
370 2009 474 2065 Philad.
484 2032 498 2064 a
508 2011 624 2064 Soatrato
636 2008 732 2062 Cnidio
742 2020 886 2073 exstructa,
896 2027 958 2060 cum
965 2009 1071 2080 apecula
1082 2021 1107 2061 et
1116 2009 1220 2079 ignibus

145 2092 289 2147 nocturnis·
301 2123 336 2133 —
343 2099 450 2145 Famosa
460 2096 562 2160 moenia,
572 2092 741 2158 Alexandria,
755 2093 817 2144 urbs
828 2094 899 2160 lagi,
912 2091 964 2145 hoc
977 2105 1032 2158 eat,
1042 2093 1164 2165 AEgypti‚
1178 2091 1220 2144 vel

146 2175 189 2226 uhi
198 2174 356 2230 Ptolomeus
369 2177 433 2248 Lagi
446 2177 516 2230 fitius
529 2177 644 2249 agraecio
652 2177 757 2249 regibus
767 2175 869 2248 primur
879 2177 997 2246 regnavit
1005 2189 1065 2248 post
1078 2175 1220 2229 Alexandri

145 2256 231 2329 Magni
241 2272 364 2314 mortem.
375 2260 419 2314 Sic
430 2272 454 2313 et
463 2263 653 2330 mnnishgeus,
658 2262 767 2332 flumina
774 2262 849 2326 lagi,
859 2271 884 2311 et
891 2257 996 2312 similla.
1012 2259 1077 2312 Vid.
1088 2259 1123 2313 ad
1134 2259 1181 2314 Sil.
1190 2260 1219 2325 I,

148 2347 213 2412 196,
228 2357 253 2396 et
265 2344 374 2398 samar.
386 2345 479 2398 Exere,
492 2343 561 2396 Plin.
574 2364 635 2416 pag.
649 2345 710 2396 682.
722 2373 758 2383 -
769 2347 890 2402 Famam„
903 2343 945 2394 vel
958 2342 1066 2394 infamia
1080 2342 1115 2394 oh
1128 2343 1220 2396 luxum

147 2425 315 2500 perditaeque
324 2445 410 2480 morea
418 2426 563 2480 incolarum
571 2443 715 2498 regumque
723 2426 879 2494 (utsamosas
889 2425 1010 2492 canopus,
1020 2425 1084 2491 XV,
1095 2427 1156 2494 46),
1164 2427 1220 2492 vel,

147 2510 218 2582 quod
230 2509 334 2571 malim,
348 2509 462 2583 inclyta,
473 2527 520 2562 seu
531 2507 684 2561 clarissima.
699 2507 777 2559 Cous.
790 2507 824 2558 ad
838 2508 867 2572 1,
881 2509 923 2558 26.
970 2565 975 2574 Ι

181 2657 251 2705 Vax.
271 2659 313 2712 84.
330 2655 456 2704 Clemente
460 2689 469 2713 ,
484 2657 531 2714 46,
545 2663 590 2714 47,
604 2654 653 2711 48,
666 2651 714 2712 58,
724 2651 788 2700 facili
797 2650 943 2713 aolanuiquo
953 2652 1134 2714 permutatione
1143 2637 1222 2702 litera·

149 2756 202 2792 rum
213 2741 239 2788 cl
247 2751 271 2788 et
281 2741 306 2788 d.
511 2745 514 2752 '
580 2729 583 2734 ¹

182 2833 251 2886 Nor.
273 2834 315 2896 84.
331 2835 371 2886 Ita
388 2845 417 2886 ut
436 2831 487 2905 ipai
505 2830 676 2904 Canopitani‚
690 2827 810 2902 quamvis
827 2826 981 2880 lihidinihua
996 2839 1021 2880 et
1035 2829 1099 2881 luxu
1112 2829 1221 2882 infames

150 2917 192 2986 (de
208 2935 263 2990 quo
276 2916 330 2970 vid.
346 2916 423 2978 adl,
439 2919 500 2987 29),
513 2917 633 2984 prodigia
651 2929 675 2966 et
690 2934 780 2974 anates,
797 2912 849 2965 hoc
867 2924 920 2977 est,
935 2912 1100 2986 prodigiosos
1118 2932 1217 2976 morea,

152 3005 230 3067 Urbis,
241 3003 341 3066 Romu,
353 2999 515 3053 damnarent
525 2998 604 3053 Coni.
619 2999 654 3054 ad
666 3018 705 3053 va.
719 2999 778 3052 286.

182 3100 252 3152 Nox.
273 3099 305 3152 85
323 3117 381 3170 sqq.
403 3096 494 3150 Scelus
506 3107 532 3148 et
546 3096 646 3149 insania
660 3095 765 3166 Hippiae
784 3093 881 3147 vividis
895 3092 1067 3147 adumbratur
1077 3096 1219 3150 coloribus.

152 3185 194 3234 Nil
200 3185 292 3251 patriae
305 3182 413 3241 indulsit,
427 3178 518 3251 patrie
532 3177 601 3230 nihil
612 3195 717 3239 eorum,
730 3194 789 3248 quoe
800 3188 889 3248 petere
901 3175 977 3247 quasi
993 3193 1024 3228 ac
1036 3178 1168 3248 poatulare
1179 3179 1220 3232 vi-

150 3267 277 3332 debatur,
293 3264 436 3328 concernit,
449 3261 491 3316 vel
501 3261 569 3315 nihil
580 3261 745 3323 officiorum,
760 3261 850 3331 patriar
860 3258 1025 3325 debitorum,
1039 3259 1106 3314 nihil
1117 3263 1221 3333 pietatis

150 3365 174 3404 et
184 3350 280 3404 amoris
291 3347 420 3423 prestitit.

184 3499 253 3546 Vn.
265 3498 306 3557 87.
318 3495 428 3552 murm,
443 3503 482 3550 ι4.
492 3491 608 3542 Paridem
617 3491 743 3555 ludosque,
753 3491 845 3550 ηὗρ’),
855 3490 896 3549 46,
904 3498 947 3548 47,
956 3486 1168 3550 atta-oona,
1177 3491 1220 3539 65.

182 3585 253 3638 Nor.
274 3585 318 3654 87.
340 3581 525 3655 Σαρκαπιιιός
543 3592 620 3654 poeta
638 3590 743 3644 monet,
762 3576 828 3630 illud
848 3575 960 3629 maxime
982 3593 1037 3628 ease
1054 3577 1220 3642 mirandum,

151 3669 221 3743 quod
237 3667 314 3722 ludos
331 3668 461 3720 circenaea
473 3677 499 3717 et
513 3665 647 3724 scenicos,
660 3681 709 3714 nec
724 3679 777 3714 non
791 3660 911 3713 ludione
927 3659 1075 3731 relinquere
1090 3663 1220 3732 potuerit;

150 3773 202 3825 quo
219 3763 323 3804 taxatur
336 3751 434 3803 insania
449 3761 475 3800 et
487 3747 605 3820 Hippia,
621 3747 680 3800 illoa
691 3745 792 3818 pluria,
812 3762 891 3816 quaxn
906 3745 1043 3814 conjugem
1056 3741 1220 3816 liberosque,

151 3835 283 3900 facientia,
300 3845 327 3886 et
344 3833 537 3894 Romanorum,
558 3828 711 3902 inexplebili
723 3825 847 3879 ludorum
861 3822 1065 3898 spectandorum
1077 3825 1222 3896 cupiditate

569 4014 799 4037 ΜΏἏΜᾝἎΜ

185 4160 312 4210 ¹Confer.
326 4159 426 4207 Salmaa.
439 4156 470 4206 ad
483 4153 588 4204 'l'rehell
597 4153 658 4202 Poll.
704 4152 786 4201 Caria.
799 4167 853 4216 pag.
872 4151 938 4210 8433
956 4158 980 4198 et
997 4150 1081 4200 burm.
1100 4149 1132 4201 ad
1145 4152 1221 4202 Ouid.
1310 4161 1315 4178 ·

150 4241 232 4291 Claud.
241 4241 442 4304 5‚tom.11‚pag.
452 4233 660 4300 3623adVopiac.
705 4234 758 4282 Art.
770 4233 826 4280 Am.
838 4234 863 4294 Ι,
877 4245 934 4278 rra.

233 4355 251 4388 ο
