3056 4984
327 425 391 507 296
483 423 655 489 VARIAE
678 423 975 488 LECTIONES
999 425 1063 488 ET
1087 425 1240 490 NOTAE

322 531 401 586 tionis
413 535 481 587 hanc
494 535 619 588 orationis
632 536 816 609 negligentiam
834 537 967 608 peperisse
986 535 1072 588 videri
1090 549 1185 608 potest.
1207 536 1260 591 Sed
1279 555 1330 591 cnr
1342 553 1398 588 eam

320 627 405 686 poetae
415 617 601 683 obtrudetnus,
615 619 660 672 ubi
672 637 739 691 opus
750 638 804 672 non
817 618 874 672 eat?
887 648 922 660 -
935 619 1012 672 Hunc
1026 639 1075 691 ego
1088 639 1209 680 sensum,
1226 639 1307 692 quem
1321 635 1397 672 secu-

321 708 363 750 tus
372 711 409 750 eat
416 700 449 752 cl.
459 703 573 767 stupent,
583 702 700 773 recipere
709 721 761 754 non
771 701 905 764 dubitavi,
913 721 995 774 quum
1007 701 1119 775 duplex,
1131 717 1156 756 et
1166 704 1279 756 maxima
1290 701 1399 775 quidem

321 780 403 848 mihi,
424 784 563 837 auctoritas
574 784 708 840 accederet
719 785 825 839 doctiss.
840 786 958 838 virorum
977 789 1105 852 Guyardin
1124 799 1149 838 ct
1167 790 1261 846 naara,
1283 801 1398 858 quorum

323 863 384 931 hic,
399 867 503 920 alterius
518 869 587 922 notis
603 869 722 942 adjutus,
739 869 773 921 ita
790 871 877 922 locum
896 870 991 942 gallico
1009 869 1126 922 carmine
1139 869 1233 924 vertit:

515 965 575 1010 «s'il
585 975 619 1012 est
630 965 692 1022 vrci,
703 967 815 1018 Trebius,
828 965 880 1027 qu'i
892 967 913 1012 la
925 967 988 1014 table
998 966 1114 1018 d'autrui,

451 1047 465 1071 Χ
513 1059 526 1078 ι
533 1039 637 1085 Content
646 1039 701 1085 d'nn
712 1040 786 1102 psreil
796 1049 860 1095 sort,
871 1049 897 1086 tu
907 1041 971 1086 rives
981 1056 1035 1086 sans
1047 1039 1131 1094 muni,

511 1207 523 1225 ι
530 1187 557 1231 le
566 1187 643 1234 crelns
653 1186 683 1232 de
693 1202 723 1232 ne
733 1187 786 1249 plns
793 1187 847 1232 voir
855 1201 885 1233 en
895 1187 928 1231 toi
936 1187 1008 1247 qu'un
1019 1184 1156 1240 miserebis,

507 1281 520 1300 ι
528 1261 581 1317 Qus
589 1261 619 1307 de
629 1277 654 1308 se
662 1263 772 1324 perjuret
782 1265 803 1308 la
812 1263 868 1309 irim
879 1263 987 1308 rendrsit
997 1261 1095 1323 capable
1113 1282 1125 1300 ·

325 1340 391 1393 Nam
398 1382 406 1408 ,
413 1343 460 1416 qni
467 1345 541 1398 aliter
548 1346 689 1400 bacverba
699 1348 816 1420 capiunt,
825 1349 847 1402 si
855 1348 937 1420 reipsa
948 1349 1014 1401 foret
1021 1367 1049 1400 ea
1057 1346 1148 1401 Trebii
1156 1365 1241 1411 mens,
1248 1363 1299 1398 cur
1302 1345 1400 1418 juranti

323 1423 430 1478 credere
441 1427 580 1482 timerent?
592 1431 662 1483 nulla
676 1444 714 1483 est
724 1430 804 1503 hujus
817 1434 951 1486 sententiae
964 1433 1019 1498 vis;
1031 1449 1112 1504 quare
1122 1429 1229 1484 alteram
1240 1441 1326 1480 tueor.
1347 1427 1398 1478 En.

357 1546 426 1600 Nor.
449 1567 473 1602 a.
491 1553 578 1602 Vivere
587 1553 670 1603 aliena
687 1559 798 1620 quadra,
817 1555 868 1608 hoc
881 1569 929 1615 est,
947 1574 1036 1610 mensa
1048 1555 1159 1614 escaria,
1172 1571 1231 1625 quae
1243 1551 1322 1604 initio
1334 1569 1399 1622 qua-

322 1628 394 1682 drata
407 1643 475 1695 erat,
489 1646 514 1684 et
525 1646 613 1706 postea
626 1635 736 1688 rotunda
748 1636 828 1706 (vide
838 1637 871 1690 ad
884 1640 917 1703 1,
933 1637 1015 1709 137),
1028 1638 1070 1692 vel
1080 1635 1173 1691 alienis
1181 1635 1326 1708 impensis,
1340 1651 1399 1704 pro·

321 1713 380 1785 prie
389 1733 471 1785 pane,
481 1717 527 1788 qui
537 1717 600 1770 olim
612 1719 638 1770 in
650 1720 771 1791 quadras,
785 1721 827 1773 vel
836 1734 950 1793 quatuor
960 1734 1046 1794 partes
1057 1763 1064 1785 ,
1076 1719 1264 1793 quadrifariam
1276 1716 1398 1770 dissecari

322 1799 435 1861 solebat,
448 1813 473 1852 et
485 1802 618 1873 precipua
629 1803 714 1857 victus
724 1823 785 1876 pars
797 1818 844 1858 est.
857 1805 936 1858 Cous.
947 1803 1107 1876 Scaligerad
1115 1803 1188 1874 Virg.
1202 1801 1297 1856 Monet.
1308 1819 1346 1854 ιι.
1356 1805 1397 1866 49.

266 1933 269 1942 ,
323 1882 471 1938 Heuniniua
484 1885 540 1938 haec
553 1887 652 1939 notavit
673 1907 679 1939 :
702 1891 804 1956 qrsadroe
816 1901 890 1940 eram
908 1888 1051 1959 fragmenta
1063 1907 1094 1940 ex
1112 1887 1192 1952 orbe,
1212 1904 1259 1939 seu
1272 1885 1398 1958 placentia

324 1967 449 2032 triticeis,
468 1986 515 2020 seu
534 1969 649 2040 paniceis
669 1970 696 2022 in
716 1972 807 2024 orbem
821 1971 941 2024 deductis
960 1972 1071 2040 (Horat.
1087 1971 1170 2043 Epist.
1185 1970 1232 2022 lib.
1248 1970 1278 2034 1,
1293 1989 1336 2040 17,
1348 1976 1398 2037 493

322 2048 436 2110 Martial.
453 2050 497 2102 lib.
513 2050 570 2114 ΙΙΙ,
588 2070 632 2122 77,
647 2050 679 2118 33
696 2051 812 2124 v1‚75‚
829 2053 933 2120 1;1x,
948 2071 994 2121 91,
1010 2055 1059 2119 ¹83
1074 2053 1144 2117 Xll,
1159 2051 1207 2116 32,
1222 2053 1286 2122 18),
1299 2054 1395 2125 quibu

324 2134 408 2204 epulae
420 2135 633 2206 imponebantur,
645 2148 675 2187 ut
687 2135 767 2188 bodie
778 2137 874 2208 patinis
884 2151 910 2190 et
920 2137 1038 2190 lancibus
1053 2135 1142 2206 (unde
1153 2139 1256 2202 quadrae
1269 2155 1320 2207 pro
1332 2137 1399 2208 pati·

323 2215 365 2268 nis
375 2216 491 2288 ipsisque
503 2218 615 2282 mensis,
630 2217 705 2269 verbi
718 2237 806 2271 caussa
817 2218 889 2289 apud
901 2219 975 2290 Virg.
989 2219 1093 2272 AEneid.
1104 2219 1176 2282 VII,
1189 2217 1237 2270 1¹5
1248 2258 1256 2283 ,
1267 2219 1330 2272 coll.
1341 2219 1398 2285 ΙΙΙ,

325 2301 375 2371 257
383 2304 409 2370 );
422 2319 481 2373 quae
492 2306 592 2370 quadra
601 2301 768 2368 dicebantur,
781 2301 888 2374 quaudo
900 2315 960 2375 post
971 2305 1060 2375 epulas
1070 2301 1217 2375 quadrifida
1227 2301 1360 2356 divisione
1370 2303 1397 2355 iu

324 2397 411 2458 partes
417 2399 530 2457 quatuor
537 2399 613 2440 secto
620 2400 705 2449 erant,
715 2406 767 2440 uon
776 2407 839 2440 vero
848 2427 856 2451 ,
864 2386 935 2459 quod
944 2385 1169 2458 essentquadrato
1182 2404 1189 2439 :
1204 2385 1274 2438 unde
1282 2405 1397 2439 scomma

324 2469 458 2521 luvenalis
471 2472 554 2520 aliena
565 2473 652 2522 vivere
664 2474 776 2538 quadra,
793 2470 821 2522 in
833 2471 977 2542 fragmento
988 2469 1100 2540 paniceo
1110 2468 1200 2530 aliene
1213 2487 1310 2522 mensae
1324 2485 1396 2526 sum·

324 2571 398 2606 mum
412 2553 512 2605 Ιιοιιιιιιι
524 2572 631 2626 ponere.
646 2556 680 2608 H.
695 2555 782 2608 Voles.
796 2554 834 2607 sic
847 2553 1043 2625 interpretatur.
1063 2552 1116 2606 En.

360 2672 429 2726 Nor.
449 2670 474 2723 3.
494 2673 521 2722 Si
531 2687 599 2739 potes
613 2677 657 2725 illa
667 2677 737 2742 pati,
758 2686 787 2726 ut
802 2673 874 2745 apud
892 2671 1054 2738 Martialem,
1066 2672 1113 2725 lib.
1128 2673 1168 2724 XI
1175 2673 1331 2766 ,Epigram
1346 2677 1398 2738 aa,

329 2754 375 2815 15,
387 2748 491 2822 etapud
503 2750 650 2804 lucianum
659 2771 740 2824 ‚cap
756 2753 808 2806 13:
821 2773 854 2821 με
869 2772 940 2805 rer
953 2771 995 2806 aare
987 2745 1088 2823 pesele
1100 2745 1230 2815 conivens,
1243 2739 1401 2824 minime

325 2825 443 2902 ὁφᾶρητι
457 2825 575 2924 ι’λιυθίμ
595 2850 624 2882 en
608 2791 695 2914 dpi'
683 2850 706 2883 ιι
723 2829 814 2888 adesis
793 2747 947 2893 lidii
899 2827 956 2888 ruis
974 2851 1109 2887 weseram
1126 2825 1282 2900 parvipensa,
1300 2845 1352 2884 etc.
1373 2842 1400 2883 st

326 2914 453 2984 capili:
474 2885 719 2967 romanamet
735 2905 860 2982 lamiam
878 2901 939 3006 ὀπὴ
955 2910 1001 2972 eir
1018 2907 1140 2971 remim
1158 2901 1331 2980 sidespm'er,
1345 2920 1395 2962 etc.

326 2998 526 3052 -Sannemus,
543 2980 601 3042 idi
615 2983 755 3060 Ζέρμιιιος
768 2993 816 3045 seir
832 2982 957 3062 Rsi'eeper
971 2993 1093 3061 (Cesaris
1103 2991 1250 3063 ,Augusti)
1265 2985 1399 3054 aeesysier

326 3062 481 3140 παιδάριον,
504 3091 521 3124 ιι
512 3061 663 3129 διλιιιιίς
683 3073 817 3139 (deicias)
838 3067 954 3139 lepesin
973 3069 1108 3132 ιιλοῧιιι,
1131 3070 1200 3124 Plut.
1222 3069 1277 3122 vn.
1300 3071 1396 3126 Anton.

326 3153 414 3226 (Opp.
435 3167 499 3207 tom.
521 3155 550 3217 l,
569 3173 629 3226 pag.
651 3151 719 3220 943,
736 3154 777 3218 D,
795 3153 858 3206 edit.
879 3153 946 3206 Erit.
972 3155 1065 3222 1620).
1089 3153 1173 3205 Notus
1191 3169 1298 3224 quoqne
1316 3163 1399 3205 estex

326 3237 418 3291 Horat.
431 3237 476 3290 lib.
489 3238 518 3303 Ι,
530 3237 607 3290 Satir.
624 3236 657 3302 5,
674 3237 705 3289 52
717 3255 772 3308 seq.
794 3237 834 3288 De
853 3235 970 3288 eodem'
963 3255 990 3288 m
1009 3247 1072 3290 vett.
1091 3235 1206 3288 Scholiis
1220 3234 1274 3286 hoc
1293 3233 1353 3286 loco
1368 3251 1400 3288 ex

325 3320 456 3376 ern-dat.
467 3321 580 3386 Pitbnei,
598 3321 717 3390 Rutgers.
730 3319 763 3372 ad
774 3321 866 3374 Horat.
886 3341 914 3393 p.
926 3339 963 3374 m.
977 3318 1097 3386 35-39,
1117 3319 1229 3372 Casaub.
1242 3317 1277 3370 ad
1287 3317 1397 3370 Suetou.

325 3425 353 3480 p.
369 3409 430 3472 106,
442 3419 468 3460 et
480 3407 583 3460 liuban.
596 3405 678 3458 Elect.
690 3404 732 3470 ΙΙ,
747 3405 791 3471 28,
803 3405 925 3478 leguntur
937 3405 993 3458 brec
1007 3424 1014 3458 :
1030 3429 1042 3449 ι
1051 3409 1191 3456 &mennas
1203 3403 1309 3454 natione
1322 3401 1400 3456 Thu·

324 3507 403 3556 scus,
421 3509 436 3543 e
452 3488 532 3543 domo
551 3489 590 3544 Μ.
612 3489 739 3552 Favonii,
759 3489 888 3542 incertum
905 3488 1032 3554 libertus,
1054 3507 1087 3540 an
1105 3505 1196 3540 servus
1217 3484 1400 3554 (hauddubie

324 3573 658 3646 libertus,quodpatetex
672 3571 764 3625 Horat.
780 3572 799 3624 l.
814 3572 833 3624 l.
848 3569 1053 3643 etesiis,quae
1067 3589 1129 3622 mox
1141 3569 1175 3622 de
1187 3570 1331 3622 Mecenate
1346 3581 1400 3624 tra-

324 3658 459 3728 duntur),
480 3657 601 3730 plurimis
616 3656 698 3708 forma
711 3668 735 3708 et
747 3653 894 3709 urbanitate
907 3653 1075 3729 promeritis,
1094 3671 1125 3704 eo
1142 3652 1247 3706 liduciae
1266 3653 1356 3718 venit,
1371 3663 1401 3704 nt

324 3759 374 3813 pro
387 3739 474 3812 equite
486 3740 562 3791 Rom.
576 3739 673 3810 algeret
693 3738 779 3806 (sorte
797 3749 824 3786 ur
840 3738 902 3788 liber
917 3737 1018 3802 equitem
1035 3739 1103 3792 Rom.
1124 3737 1243 3804 αδοπτ),
1264 3733 1401 3788 decuriam

325 3843 431 3896 quoque
444 3824 609 3894 quaestoriam
623 3833 796 3893 compararet.
812 3820 902 3884 Quare
914 3837 962 3891 per
975 3817 1068 3884 ludos,
1082 3819 1179 3890 quibus
1190 3818 1306 3890 primum
1320 3818 1402 3886 (sorte

326 3910 385 3976 quia
398 3909 537 3975 libertinus)
556 3907 622 3958 XIV
636 3904 773 3959 ordinibus
791 3903 874 3966 sedit,
895 3903 951 3958 hec
969 3921 983 3956 a
1002 3905 1102 3976 populo
1115 3904 1143 3955 in
1156 3921 1217 3956 eum
1230 3901 1299 3956 dicta
1315 3915 1398 3958 sunt:

326 4015 338 4036 ι
346 3989 424 4042 Aliud
435 3990 562 4062 scripnam
574 3990 653 4044 habet
665 3989 829 4053 Sarmentus,
842 3986 913 4040 alind
926 3987 1043 4059 Populus
1056 3987 1183 4040 voluerat.
1197 3986 1283 4057 Digna
1295 3985 1399 4058 dignis:

325 4071 363 4123 sic
377 4071 527 4126 Sarmentus
540 4073 635 4126 habeat
648 4089 746 4125 crasaas
759 4069 900 4144 compedes
911 4091 918 4136 ;
934 4071 1051 4134 Rustici,
1065 4088 1099 4123 ne
1111 4071 1179 4124 nihil
1191 4071 1271 4141 agatis
1282 4111 1289 4136 ,
1302 4069 1400 4141 aliquis

326 4153 492 4214 Sarmentum
503 4155 620 4227 alliget.»
640 4158 709 4208 Dum
721 4165 809 4208 sutem
825 4172 941 4208 causum
953 4167 1083 4226 usurpate
1094 4153 1226 4223 dignitatis
1243 4153 1297 4225 agit
1315 4154 1401 4223 (sorte
