3134 4990
415 358 469 423 ru
491 357 727 424 surtran
750 355 1039 425 susurnam.
1203 357 1265 447 ⁵75

219 471 287 519 Vsu.
307 469 474 533 7s.1tubeus‚
493 474 532 521 rb.
547 470 683 532 Rabienus,
707 481 751 531 ut.
768 473 892 523 Rabienus
904 475 992 544 Lappa
1007 475 1074 536 ooui.
1088 474 1224 538 Dorllutts,
1240 486 1269 524 nt

174 551 327 618 designetur
339 564 412 617 poeta
425 554 541 618 quidem,
560 556 604 620 qui
622 566 725 620 propter
743 558 924 608 amarulentum
940 560 1071 634 ingenium
1088 557 1225 620 llubienus,
1244 569 1269 606 et

182 638 271 702 lappa
282 637 316 685 ob
327 638 513 687 mordacitatem
525 639 606 688 dictus
619 641 659 688 sit.
673 664 710 679 --
723 644 805 705 lopo,
817 645 859 702 46,
870 651 913 705 47.

220 727 290 782 Nor.
309 747 353 800 7²·
369 733 609 800 Antiquosotltumo,
624 733 722 805 priscis
736 735 823 807 poetis
834 736 963 808 tragicis,
977 755 1027 787 nou
1041 737 1135 802 minor,
1146 736 1268 798 inferior,

182 811 262 877 sit,iis
271 831 328 866 non
338 811 416 868 cedat
426 814 559 886 gravitate
568 834 600 870 ao
609 819 756 889 majestate,
767 820 811 872 vel
820 818 916 891 grandi
926 838 1023 891 genere
1034 818 1170 892 loquendi.
1178 820 1220 872 cl.
1233 819 1268 873 ad

185 894 241 962 Vl,
255 894 316 950 506.
336 925 371 938 --
387 901 514 949 Rubrenus
530 903 631 967 Lappa,
645 913 725 972 poeta
737 900 810 956 haud
823 901 904 957 dubie
915 903 1035 974 tragicus
1046 914 1074 956 et
1083 922 1189 976 pauper
1198 903 1269 956 illius

183 977 251 1044 aevi,
260 981 337 1053 cujus
348 991 439 1034 tamen
450 999 507 1035 nou
517 981 595 1050 alibi,
606 986 679 1055 quod
689 983 786 1052 sciam,
795 983 828 1038 fit
838 985 949 1039 mentio.

220 1148 292 1199 Vsa.
311 1151 353 1212 73.
365 1150 491 1209 Albeolos,
505 1168 531 1203 u.
544 1152 665 1210 Albiolos,
677 1154 703 1216 3,
713 1155 738 1215 5,
749 1157 862 1218 tls-ud,
873 1173 917 1220 27,
927 1157 1041 1220 45-49,
1052 1155 1166 1219 54-66,
1177 1173 1219 1220 7²,
1229 1171 1272 1220 77,

183 1239 210 1280 et
220 1233 247 1279 X
258 1230 339 1280 Codd.
349 1233 426 1284 Paris.
437 1235 503 1283 Illud
512 1235 598 1298 Valla,
613 1237 662 1286 hoe
671 1239 836 1288 Msucinellns
846 1250 870 1288 et
880 1240 993 1289 Lubinus
1003 1238 1150 1304 probarunt.
1168 1241 1213 1290 Ille
1228 1242 1270 1290 iu·

185 1327 333 1381 terpretatur
344 1317 438 1367 tabulas
447 1319 565 1380 lusorias,
575 1317 674 1370 bivero
685 1321 780 1370 tabulas
789 1324 946 1388 scriptorius,
956 1339 1046 1387 easque
1055 1323 1130 1371 albus
1140 1341 1161 1372 s.
1169 1324 1270 1384 albens,

184 1399 212 1450 h.
220 1417 242 1450 e.
251 1412 376 1466 gypsatos.
390 1403 427 1452 cf.
435 1404 546 1452 turneb.
559 1404 664 1454 Miscell.
673 1407 775 1468 xxiv,
786 1416 810 1464 4.
823 1404 921 1457 Neutra
930 1407 1004 1455 lectio
1013 1407 1157 1470 probanda,
1170 1417 1195 1456 et
1205 1417 1272 1456 utra-

168 1523 170 1530 s
185 1499 234 1548 qne
252 1494 306 1532 orte
326 1501 359 1533 ex
372 1485 466 1552 vulgari
478 1489 660 1552 permutatione
673 1487 801 1555 literarum
815 1491 839 1535 V
848 1500 873 1538 et
882 1491 918 1553 B,
932 1489 963 1539 de
974 1506 1022 1555 qna
1033 1489 1084 1539 rid.
1096 1488 1129 1538 ed
1139 1490 1182 1539 sil.
1192 1493 1272 1552 VIII,

186 1567 237 1630 473
252 1578 277 1616 et
289 1568 350 1626 543.
364 1595 402 1608 ·-··
416 1569 553 1636 Pignorat,
570 1587 614 1633 27,
625 1569 668 1630 48.

220 1661 291 1715 Nor.
311 1659 354 1733 73.
374 1663 433 1719 Hoe
448 1663 581 1736 exquisite
591 1663 695 1718 dictum
703 1683 755 1736 pro
766 1683 772 1717 :
784 1667 854 1734 eujm
865 1668 964 1726 Atreus,
980 1665 1034 1718 hoo
1045 1677 1102 1731 est,
1111 1665 1160 1736 qui
1171 1669 1271 1717 Atreum

183 1744 342 1816 uagcedium
353 1747 503 1819 scripturus
514 1751 629 1812 alveolos,
645 1746 804 1820 paropsides
821 1749 871 1816 (ut
884 1750 919 1815 V,
932 1749 989 1818 88),
1001 1761 1028 1800 et
1041 1752 1132 1800 loenum
1143 1748 1222 1817 (vide
1238 1748 1272 1802 ad

184 1829 246 1895 ΠΙ,
259 1830 331 1902 273),
341 1830 394 1884 hoc
403 1841 457 1897 est,
468 1831 662 1904 supellectilem
673 1835 903 1903 suam,pigneras,
914 1833 968 1885 hoo
975 1845 1030 1896 est,
1040 1832 1076 1884 ob
1085 1844 1271 1904 paupertatem

185 1911 383 1985 oppignerare,
393 1916 436 1968 vel
446 1915 553 1988 pigneri
565 1915 646 1981 dare,
661 1933 707 1967 seu
721 1933 860 1986 opponere
873 1914 988 1986 cogitur,
1003 1926 1034 1967 ut
1047 1915 1175 1968 alimenta
1187 1929 1271 1980 emat,

185 1997 237 2050 nisi
246 2016 308 2051 cunr
316 1999 446 2052 Turnebo
460 1999 590 2069 (Adsere.
605 1998 711 2065 XXIV,
721 2001 763 2068 4),
776 2011 803 2052 et
812 1999 873 2052 aliis
884 2000 968 2053 verbu
978 2002 1046 2068 eujus
1058 2003 1274 2069 leenumps'gneros

185 2087 274 2134 Atreus
281 2081 370 2150 docte,
381 2082 432 2136 etsi
443 2082 538 2136 eodem
547 2101 643 2148 seusu,
653 2080 727 2135 diota
736 2101 846 2136 censeas
858 2101 923 2156 pro:
935 2083 964 2136 in
976 2101 1070 2137 caussa
1078 2097 1133 2148 est,
1145 2085 1188 2138 val
1197 2085 1272 2148 facit,

184 2176 216 2217 nt
224 2163 429 2237 oppignerundu
441 2167 477 2219 sit
486 2167 570 2232 laena;
581 2177 611 2220 ut
618 2165 688 2219 Infra
698 2185 738 2220 tt.
753 2165 926 2236 135,puspuru
934 2171 1024 2220 vendit
1031 2170 1195 2220 saussidicum
1206 2187 1273 2239 pro:

184 2247 282 2314 efficit,
290 2263 321 2302 nt
329 2249 498 2305 caussidicus
509 2251 605 2323 majori
615 2250 704 2322 pretio
713 2247 889 2305 conducatur.
897 2250 977 2304 Conl.
989 2249 1024 2304 ad
1033 2251 1092 2316 111,
1103 2255 1162 2315 116,
1173 2265 1199 2305 et
1208 2253 1273 2317 VII,

147 2343 148 2348 ’
185 2331 380 2400 9s.Satiricam
388 2334 476 2406 magis
483 2334 685 2388 etsubtiliorem
692 2335 761 2387 forte
769 2333 1016 2405 interpretationem
1023 2333 1093 2386 hanc
1099 2335 1274 2406 proposuisse

185 2414 240 2468 sibi
249 2415 360 2468 videtur
368 2419 523 2468 Aebus'ntre:
533 2419 601 2486 eujus
609 2423 711 2482 Atreus,
724 2414 863 2487 tragoedia,
876 2433 956 2488 quam
964 2435 1037 2469 nune
1047 2415 1150 2482 scribit,
1159 2419 1276 2488 pignerat

185 2500 298 2550 alueolos
313 2511 338 2549 et
350 2502 459 2564 loenesn,
471 2513 511 2552 est
525 2501 625 2572 pignus
644 2499 725 2572 pretii
742 2518 866 2554 vasorum
883 2512 911 2553 et
928 2500 1025 2564 vestit,
1041 2517 1101 2570 quse
1116 2518 1167 2553 ure
1186 2501 1274 2556 alieno

186 2584 266 2638 emit:
278 2581 354 2657 quod
367 2582 441 2638 idem
453 2598 507 2653 est,
520 2604 551 2639 ao
562 2585 586 2638 si
595 2587 707 2640 obrutus
719 2584 809 2638 alieno
820 2603 871 2638 sere
883 2583 1060 2652 creditoribus
1070 2585 1125 2638 suis
1133 2604 1162 2639 se
1171 2586 1273 2639 solutu·

186 2688 248 2724 rum
260 2669 445 2741 promisisset,
459 2688 556 2742 quum,
568 2669 700 2744 tragoedia
709 2670 812 2742 scripta
820 2681 847 2722 et
858 2681 928 2732 acta,
940 2668 1057 2741 pretium
1067 2671 1126 2742 ejus
1136 2682 1164 2722 et
1173 2689 1274 2724 merce·

187 2753 251 2808 dem
260 2753 415 2826 recepisset.
426 2756 489 2809 Non
499 2753 581 2808 male!
594 2754 642 2808 sed
648 2758 785 2826 pignerare
794 2755 894 2822 aliquid
900 2771 956 2806 nou
965 2751 1100 2824 significet
1107 2753 1207 2826 pignus
1217 2757 1274 2828 ejus

187 2853 236 2893 aut
245 2839 327 2910 pretii
337 2839 394 2911 ejus
404 2857 477 2906 esse,
489 2839 535 2894 sed
545 2838 652 2914 pigueri
661 2837 728 2892 illud
737 2879 746 2905 ,
756 2837 800 2890 vel
809 2835 888 2902 dare,
901 2835 943 2890 rel
952 2836 1084 2907 occipere.
1097 2846 1105 2871 ¹
1120 2846 1210 2890 Atreus
1221 2852 1274 2892 tra-

188 2921 289 2995 gcedia,
302 2923 346 2976 vel
360 2925 417 2996 ejus
429 2923 542 2990 titulus,
552 2936 583 2978 ut
593 2929 698 2994 Agave,
716 2927 841 2988 Pelopea,
855 2921 1012 2986 Philomela,
1029 2939 1070 2975 vs.
1084 2921 1119 2990 87
1130 2932 1157 2974 et
1169 2939 1217 2991 92,
1231 2923 1274 2975 rel
1336 2915 1338 2920 ¹

190 3010 319 3078 Telephus,
334 3015 432 3062 Orestes
445 3021 472 3062 et
486 3011 588 3073 Tereus,
598 3008 627 3073 Ι,
638 3008 663 3074 5,
673 3010 706 3073 d;
719 3006 791 3071 VII,
804 3023 845 3058 ta.

224 3104 294 3156 Nor.
314 3104 430 3175 74-78,
449 3106 578 3166 Numitor,
591 3103 644 3158 hoe
658 3115 713 3170 est,
727 3101 842 3156 Romani
858 3099 955 3154 divites
968 3100 1131 3173 nobilesque
1145 3100 1223 3171 (ride
1239 3102 1273 3155 sd

188 3188 269 3256 vm,
279 3190 312 3256 93
319 3190 329 3257 )
336 3189 412 3261 parci
421 3199 485 3241 sunt
494 3207 526 3242 ao
537 3185 642 3241 sordidi
651 3187 681 3240 in
690 3189 793 3253 ornieos,
803 3198 897 3258 poetas
909 3185 1031 3257 aliosque
1042 3185 1154 3241 clientes
1164 3199 1191 3240 et
1199 3189 1274 3240 viros

188 3271 293 3338 bonos,
307 3271 355 3325 sed
364 3271 471 3343 prodigi
482 3272 512 3324 in
523 3290 650 3325 venerem
660 3289 692 3324 ac
702 3269 866 3342 voluptates.
877 3266 955 3321 Idem
965 3268 1037 3321 valet
1044 3269 1078 3322 de
1086 3268 1274 3322 Numitoribus

190 3367 289 3408 nostrae
304 3356 399 3409 atatis.
413 3387 448 3397 -
461 3356 555 3422 Ιψὶίκ
567 3355 691 3427 εἰρωνικῶς
707 3351 808 3406 dieitur
822 3350 900 3404 dives
916 3352 1059 3417 Numitor,
1075 3354 1122 3424 qui
1137 3366 1164 3406 et
1180 3353 1274 3406 infelix

190 3456 254 3491 saue
268 3437 318 3492 luit
333 3455 457 3509 perverso
470 3433 572 3509 judicio
586 3447 613 3490 et
629 3454 682 3489 usu
695 3453 787 3507 opum.
799 3432 873 3488 Vide
885 3431 920 3486 ad
931 3434 1016 3499 VIII,
1030 3432 1073 3504 93.
1087 3464 1124 3478 —-
1134 3437 1275 3501 Quintilla.

191 3519 453 3587 amice,meretrici.
1045 3510 1049 3520 ¹

409 3619 503 3679 Pauper
513 3615 622 3663 amicitie
632 3615 760 3679 quomis,
772 3617 853 3677 Lupe,
863 3628 913 3658 non
924 3627 949 3658 es
960 3613 1052 3668 aruisse,
1064 3621 1109 3657 eto.

192 3703 458 3770 usaut.1x,s‚1.

622 3829 803 3849 mmmmmm
805 3828 852 3845 Μ

231 3959 240 3983 ¹
260 3953 328 4001 Male
342 3952 395 4000 alii:
408 3953 452 4017 qni
464 3951 498 4000 ob
509 3951 619 4015 inopiam
631 3951 709 3998 Atreo
755 3951 855 3996 Atreum
864 3945 961 4005 scribit,
972 3956 1000 3994 ut
1011 3956 1126 4009 sumptus
1137 3946 1243 4009 habeat,
1253 3960 1278 3996 et

194 4032 328 4082 ienorstori
343 4049 382 4080 res
393 4049 449 4080 suas
461 4031 616 4096 oppignerat.
632 4031 711 4077 Vetus
757 4045 796 4076 res
809 4043 865 4076 snas
873 4025 976 4092 pugnari
989 4024 1045 4072 dat:
1064 4024 1177 4075 alveolus
1192 4039 1230 4076 est
1242 4039 1279 4077 ta·

194 4112 276 4160 Schol.
299 4115 407 4162 «Atreus
428 4108 563 4174 fenerator,
582 4109 634 4169 rel,
655 4109 713 4174 quia
758 4106 999 4168 bulacslculstoria,
1011 4105 1113 4154 lusoria.
1125 4129 1138 4150 a
