3148 4990
346 401 390 468 80
637 406 841 472 SATIIIAE
869 405 1124 471 SECUNDAE

343 536 398 573 nec
417 517 530 574 Stoicos
545 529 668 592 spectat,
686 539 739 576 nec
758 519 899 596 Cynicos,
919 537 1013 593 neque
1035 519 1155 576 omuino
1176 519 1245 574 tales
1266 517 1416 593 sapientiae

344 610 539 686 professores,
556 611 593 666 ad
611 630 684 687 quos
704 614 785 670 Urbe
803 612 939 686 Italiaque
960 612 1114 684 ejiciendos
1135 621 1202 666 tuac
1220 629 1329 666 novum
1352 614 1416 668 Do·

344 701 455 757 mitiani
466 701 591 758 edictum
601 705 771 777 pertinebat.
785 706 885 778 Neque
893 703 929 757 ad
938 721 999 756 rem
1006 701 1149 776 quadrant
1155 701 1243 756 verba
1255 701 1380 770 Quintil.
1391 703 1414 758 l.

345 791 475 850 Prooem.'
489 792 542 864 15,
561 795 597 851 de
611 796 820 852 ostentantibus
838 815 872 850 ex
892 793 1021 867 professo
1039 791 1258 866 philosophiam.
1273 792 1357 848 Alius
1373 805 1417 850 est

344 896 453 956 autem,
475 886 526 959 qui
543 887 686 963 egregiam
700 889 794 943 lucem
808 887 924 955 atterat,
940 886 1019 940 locus
1035 883 1161 956 ejusdem
1175 882 1326 956 scriptoris
1339 885 1416 954 Xll,

345 976 380 1046 3,
401 995 454 1046 12,
467 977 519 1031 ubi
535 988 674 1034 notantur
686 978 816 1034 homines
833 1001 845 1026 a
861 977 984 1052 pigritiae
998 976 1221 1051 arrogantioris,
1236 975 1300 1048 qui,
1315 976 1415 1032 subito

344 1068 440 1124 fronte
450 1067 571 1124 conficta
583 1065 659 1144 (haec
670 1089 738 1126 vera
752 1064 855 1144 lectio)
868 1068 1048 1146 immissaque
1061 1067 1147 1122 barba
1157 1108 1165 1135 ,
1175 1067 1291 1140 paulum
1303 1067 1415 1140 aliquid

344 1163 480 1220 sederunt
500 1163 530 1218 iu
546 1163 650 1220 scholis
671 1163 927 1238 philosophorum,
948 1172 982 1217 ut
998 1159 1101 1216 deinde
1120 1159 1150 1214 in
1165 1159 1282 1232 publico
1301 1158 1414 1225 tristes,

284 1249 286 1254 ’
344 1254 425 1310 domi
438 1254 585 1324 dissoluti,
599 1265 746 1328 captarent
757 1253 958 1310 auctoritatem
971 1261 1140 1326 contemptu
1152 1262 1324 1306 ceterorum.
1339 1277 1352 1302 a
1369 1251 1416 1307 Ad

345 1366 431 1420 quem
446 1348 543 1402 locum
557 1365 694 1420 apparere
712 1346 752 1402 ait
767 1349 928 1415 Gesnerus,
944 1343 991 1400 hic
1008 1344 1092 1400 etiam
1109 1343 1168 1416 peti
1186 1343 1294 1398 invisos
1311 1343 1417 1398 Dorui-

344 1437 422 1493 tiano
430 1437 627 1510 philosophos.
638 1440 730 1493 Immo
740 1439 841 1512 respici
852 1437 968 1495 eosdem
977 1436 1139 1513 apparebit,
1147 1436 1197 1511 qui
1204 1436 1338 1492 Juvenali
1348 1455 1376 1490 v.
1383 1457 1416 1512 9,

344 1530 483 1586 dicuntur
502 1530 595 1585 tristes
612 1530 644 1584 in
661 1530 795 1605 publico,
814 1530 895 1586 domi
915 1530 1060 1597 obscoeni3
1079 1548 1107 1583 v.
1127 1537 1158 1597 4,
1177 1530 1302 1596 indocti,
1325 1528 1418 1584 simu-

343 1622 449 1678 latores
469 1622 605 1695 quidem,
630 1624 680 1679 sed
701 1635 796 1680 tamen
820 1624 906 1679 rudes
923 1635 1151 1697 praceptorum,
1171 1623 1277 1696 quippe
1295 1623 1349 1696 qui
1367 1623 1417 1679 vix

343 1715 443 1789 primis
454 1715 542 1770 labris
552 1715 710 1791 attigerunt
721 1716 831 1789 aliquot
843 1716 968 1786 scholas,
982 1719 1105 1772 multum
1119 1715 1305 1791 arrogantie,
1317 1735 1355 1772 ex
1368 1716 1416 1786 iis,

342 1808 487 1882 sapientiae
505 1826 626 1881 parum,
650 1808 830 1880 haurientes,
851 1829 879 1864 v.
902 1808 957 1879 52,
977 1810 1096 1882 strepitu
1106 1806 1180 1878 fora
1201 1820 1362 1878 moventes,
1386 1809 1416 1863 in

339 1899 471 1973 judiciis,
492 1899 595 1955 nonin
609 1900 713 1956 scholis
726 1911 887 1970 versantes3
904 1921 964 1957 non
982 1901 1108 1975 denique
1124 1901 1227 1968 Stoici,
1243 1901 1307 1970 sed,
1321 1903 1415 1958 verbo

343 1991 534 2066 significanter
545 2011 606 2047 rem
617 1991 809 2066 exprimente,
828 1994 981 2062 Stoicidae,
999 2003 1142 2067 tamquam
1163 1991 1233 2060 filii,
1250 2005 1299 2047 aut
1317 1995 1417 2066 potius

343 2081 430 2138 simiae
449 2083 698 2158 philosophorum.
720 2085 809 2157 Atqui
829 2085 905 2140 inter
927 2086 980 2140 hos
1002 2085 1079 2159 ipsos
1096 2095 1126 2140 et
1148 2085 1339 2160 philosophos
1356 2099 1416 2142 tan-

344 2186 406 2231 tum
420 2176 592 2232 discriminis
608 2187 685 2244 erat,
699 2187 732 2231 ut
747 2177 803 2232 illis
820 2179 933 2234 nullum
948 2161 1026 2233 aliud
1044 2196 1133 2253 genus
1148 2176 1308 2234 incivitate
1324 2179 1415 2254 magis

342 2268 427 2325 luisse
441 2270 573 2326 videatur
591 2269 795 2342 obsequiosum
810 2281 838 2326 et
856 2270 992 2325 dilectum
1012 2269 1199 2343 imperatori;
1217 2271 1286 2325 dum
1300 2271 1332 2325 hi
1351 2272 1415 2345 qui-

343 2361 423 2430 dem,
439 2362 489 2436 qui
499 2361 614 2436 publice
631 2363 742 2418 scholas
759 2362 918 2431 habebant,
931 2373 1058 2417 ceterum
1071 2362 1157 2436 longe
1173 2381 1189 2416 a
1204 2360 1269 2417 soro
1282 2362 1416 2435 judiciis-

343 2449 399 2531 que
416 2458 605 2513 abhorrentes
619 2467 706 2531 atque
726 2457 794 2512 inde
808 2455 894 2512 etiam
909 2455 1035 2530 legitima
1055 2453 1181 2510 civilium
1198 2472 1352 2512 munerum
1368 2477 1416 2512 ra-

343 2550 455 2606 catione
474 2550 624 2623 disjuncti;
644 2570 673 2605 v.
692 2563 823 2606 auctores
844 2547 1013 2605 nominatim
1030 2559 1269 2604 commemoratos
1287 2551 1323 2605 ad
1342 2551 1414 2606 Pliu.

343 2643 416 2716 Epp.
427 2643 474 2710 X,
496 2641 553 2710 66,
575 2661 603 2711 ι;
622 2643 806 2697 contumaciae
821 2660 916 2697 caussa
932 2641 992 2714 jam
1005 2660 1022 2694 a
1039 2639 1202 2714 principatu
1218 2643 1341 2716 Augusti
1359 2644 1416 2718 (ad

342 2750 429 2806 quem
443 2734 578 2806 praeclara
589 2751 621 2788 ea
630 2732 667 2788 de
677 2752 709 2788 re
717 2732 879 2788 Maecenatis
894 2733 1056 2788 suutverba
1067 2731 1144 2806 apud
1157 2732 1282 2788 Dionem
1293 2752 1321 2808 p.
1340 2737 1415 2809 689,

342 2827 361 2881 l.
378 2826 432 2895 48,
446 2825 520 2904 seq.)
537 2827 660 2900 suspecti
678 2827 835 2882 caesaribus
853 2838 951 2896 eraut,
967 2837 996 2880 et
1009 2835 1075 2900 post
1092 2825 1293 2898 Vespasianum
1308 2827 1415 2882 iterum

343 2917 500 2973 Domitiani
515 2917 584 2974 odio
599 2916 679 2972 ltalia
693 2917 919 2991 expellebantur.
934 2917 985 2972 Illa
1001 2915 1108 2992 igitur,
1121 2929 1256 2990 prompta
1269 2918 1415 2974 serviendi

342 3009 534 3083 adulandique
545 3009 679 3066 facilitate
688 3008 755 3065 satis
767 3019 828 3064 tuta
837 3009 873 3064 ab
887 3001 1004 3078 exsilio,
1017 3008 1109 3078 natio,
1120 3009 1289 3083 plerumque
1301 3011 1415 3066 nobiles

343 3112 425 3157 erant
439 3112 468 3156 et
486 3113 648 3169 senatores;
674 3119 732 3175 quo
754 3113 859 3175 praeter
879 3101 989 3174 reliqna
1012 3099 1097 3154 etiarn
1120 3099 1200 3154 ducit
1214 3120 1242 3153 v.
1270 3119 1343 3174 129,
1368 3101 1416 3156 ille

342 3196 440 3248 clarus
452 3211 558 3266 genere
571 3205 659 3266 atque
674 3193 776 3266 opibus
793 3195 859 3248 vir.-
877 3211 979 3248 rerum
997 3189 1028 3244 hi
1047 3209 1146 3244 omnes
1164 3208 1262 3244 rursus
1281 3189 1367 3246 dirisi
1386 3191 1415 3246 in

343 3287 413 3342 duas
442 3297 537 3360 partes
561 3285 687 3341 diversas
709 3306 716 3340 ε
743 3305 809 3358 pars
826 3288 854 3343 ia
879 3283 1007 3354 riquier
1029 3280 1118 3356 rapui,
1148 3302 1271 3356 quorum
1295 3285 1415 3358 hispida

345 3379 473 3434 rncmbra
490 3378 622 3452 quidem,
635 3389 663 3434 et
676 3379 759 3432 darae
768 3397 825 3450 per
838 3377 957 3431 brachia
978 3387 1047 3430 setoe
1059 3377 1268 3448 promittebant
1287 3391 1414 3433 atrocem

342 3473 492 3538 anianum,
506 3489 534 3524 v.
557 3489 611 3539 rr,
631 3487 680 3536 ra,
697 3469 727 3522 iu
748 3487 821 3542 quos
839 3468 911 3523 adeo
928 3466 1091 3521 Tullianum
1107 3467 1221 3522 valebat
1237 3468 1310 3523 illud
1326 3470 1418 3524 Stoici

339 3581 428 3638 poene
442 3561 542 3633 Cynici
557 3560 615 3616 Cic.
631 3559 690 3617 Oli.
708 3579 719 3615 1
735 3601 742 3628 ,
758 3559 813 3629 353
827 3570 925 3615 contra
938 3556 1002 3623 alii,
1014 3557 1127 3612 venusti
1141 3577 1173 3612 ac
1186 3557 1314 3627 delicati,
1325 3560 1415 3615 vesti-

344 3666 433 3729 tuque
453 3665 482 3710 et
494 3654 630 3709 universo
649 3653 780 3727 corporis
795 3652 896 3708 habitu
913 3651 950 3706 ad
963 3669 1078 3706 omnem
1093 3651 1261 3707 munditiem
1274 3653 1414 3726 expoliti,

344 3747 431 3803 Stoici
437 3765 525 3820 paenc
535 3746 672 3819 Epicurei
681 3786 691 3812 ‚
705 3744 830 3818 quique,
845 3745 925 3798 cultu
936 3754 964 3797 et
975 3742 1097 3812 amictu,
1109 3744 1254 3814 Antonio,
1268 3763 1353 3818 qrtam
1364 3749 1415 3802 Ze-

345 3838 416 3893 noni
444 3849 492 3892 aut
518 3836 697 3912 Chrysippo,
726 3834 877 3892 similiores
900 3852 929 3888 se
950 3835 1148 3890 ostendebant.
1174 3836 1222 3891 Ad
1246 3837 1299 3893 hos
1327 3839 1414 3911 paulo

345 3930 497 4003 abruptior
513 3929 612 3986 transit
630 3929 724 3986 oratio
739 3949 756 3984 a
773 3947 801 3983 v.
822 3929 875 3996 65,
894 3945 966 4000 quos
985 3938 1079 3982 tamen
1094 3945 1154 3982 nou
1170 3947 1229 3984 esse
1244 3949 1260 3983 a
1280 3931 1415 3986 Stoicidis

345 4019 551 4096 sejungendos,
577 4021 632 4076 uisi
651 4040 720 4076 mox
740 4019 864 4076 Creticus
884 4019 1002 4075 doceret
1021 4039 1049 4074 v.
1069 4038 1123 4089 77:

576 4127 648 4176 Acer,
662 4133 686 4168 et
698 4122 840 4178 indomitus,
852 4123 1014 4184 libertatisque
1026 4122 1147 4184 magister,
