3122 4986
318 459 383 528 636
592 468 633 530 D.
664 465 801 530 JUNII
831 467 1113 537 IUVENALIS

314 580 478 649 Securum
494 581 582 650 valet
598 581 671 650 haec
686 597 774 651 aetas.
793 581 893 650 Mitte
909 583 1024 670 Ostia,
1038 589 1163 670 Caesar,

315 689 435 778 Mitte3
450 691 510 760 sed
525 691 561 760 in
575 715 696 786 magna
710 690 857 786 legatum
871 717 983 788 quaere
1001 696 1139 790 popina.

315 798 472 868 Invenies
484 799 597 896 aliquo
612 825 689 870 cum
705 825 903 896 percussore
915 803 1103 896 jacentem,

315 905 521 978 Permixtum
538 911 665 999 nautis,
680 924 714 979 et
728 910 878 999 furibus,
892 939 931 984 ac
945 914 1114 1009 fugitivis,

297 1002 410 1086 ‘Inter
426 1019 600 1092 carnifices
615 1037 649 1091 et
664 1020 776 1090 fabros
791 1022 1055 1119 sandapilarum,

313 1127 360 1194 Et
372 1130 555 1223 resupinati
572 1132 735 1202 cessantia
742 1147 907 1228 ,tympana
922 1133 1022 1204 Galli.

314 1236 425 1329 AEqua
438 1237 484 1306 ibi
497 1236 646 1326 libertas,
662 1242 856 1312 communia
869 1242 1005 1340 pocula,
1022 1242 1129 1312 lectus

316 1347 396 1416 Non
410 1345 494 1418 alius
510 1335 685 1446 cuiquam,
700 1377 763 1421 nec
777 1377 894 1421 mensa
906 1353 1067 1422 remotior
1078 1351 1150 1422 ulli.

314 1454 407 1543 Quid
421 1455 522 1527 facias
537 1459 638 1528 talem
652 1463 808 1546 sortitus,
823 1463 981 1548 Pontice,
994 1461 1148 1532 servum?

315 1568 448 1660 Nempe
465 1569 500 1638 in
517 1574 691 1658 Lucanos,
707 1589 767 1641 aut
781 1575 891 1642 Tusca
907 1571 1073 1668 ergastula
1086 1573 1209 1642 mittas.
1341 1583 1393 1634 ¹⁸⁰

314 1675 361 1743 At
375 1699 452 1762 vos,
469 1678 687 1774 Trojugenoe,
703 1681 799 1749 vobis
815 1682 1007 1775 ignoscitis3
1024 1697 1073 1766 et,
1088 1705 1162 1776 quse

315 1783 442 1878 Turpia
455 1788 611 1875 cerdoni,
626 1788 770 1860 Volesos
784 1793 996 1886 Brutumque
1013 1789 1193 1859 docebunt.

363 1893 470 1983 Quid,
488 1897 516 1966 si
532 1921 705 1992 nunquam
719 1899 803 1969 adeo
818 1898 919 1970 foedis
933 1898 1086 1993 adeoque
1103 1897 1272 1992 pudendis

315 2001 455 2072 Utimur
468 2005 647 2102 exemplis,
665 2022 787 2076 utnon
801 2009 919 2102 pejora
932 2006 1122 2102 supersint?

316 2114 536 2214 Consumptis
548 2118 671 2214 opibus
686 2143 823 2204 vocem,
837 2119 1058 2213 Damasippo,
1072 2117 1189 2187 locasti
1333 2135 1385 2188 ias

315 2345 457 2421 legatum,
473 2349 580 2423 Caesar,
594 2353 645 2428 qui
655 2353 766 2411 bellum
777 2364 829 2410 tuo
839 2350 1158 2426 nomineanspiciisque
1167 2359 1267 2427 gerat:
1282 2349 1385 2408 omitte

314 2437 418 2494 urbem
430 2440 608 2514 Ostiensem,
622 2445 684 2501 noli
697 2464 766 2514 eum,
774 2445 817 2518 'bi
826 2461 976 2519 quaerere3
989 2442 1041 2500 sed
1051 2443 1082 2500 in
1095 2441 1190 2518 aliqua
1201 2443 1302 2498 Romae
1313 2461 1385 2518 can7

315 2545 393 2602 pona
416 2528 538 2608 insigni,
564 2534 616 2590 ubi
639 2517 936 2610 homineituueperies
956 2553 1061 2592 mensa
1080 2533 1298 2591 accumbentem
1321 2553 1388 2592 cnm

314 2615 412 2694 aliquo
422 2622 525 2679 sicario
533 2623 571 2694 ,in
584 2626 748 2700 promiscua
758 2612 933 2695 buterum,
950 2643 1102 2682 servornm
1113 2643 1238 2700 nequam
1252 2635 1282 2680 et
1293 2625 1387 2682 latro-

315 2727 385 2766 num
398 2713 500 2785 turba,
516 2732 582 2771 cnm
597 2716 779 2784 carnificibus
794 2735 828 2773 ac
841 2717 1052 2793 sandapilarum
1066 2715 1169 2786 labsis,
1184 2735 1251 2772 cnm
1265 2716 1386 2792 Cybeles

314 2805 512 2864 sacerdotibus
523 2807 555 2864 in
570 2809 690 2866 dorsum
700 2807 813 2882 abjecto
825 2819 961 2885 tympano
972 2819 1078 2866 temere
1088 2807 1252 2882 jacentibus
1266 2828 1300 2864 ac
1312 2819 1386 2866 ster-

306 2895 450 2975 tentibus.
462 2899 509 2956 Ibi
520 2919 620 2958 omnes
630 2901 693 2976 pari
704 2899 848 2975 quidlibet
855 2899 978 2957 faciendi
985 2900 1118 2957 libertate
1126 2899 1272 2976 gnudent3
1282 2899 1386 2957 iisdem

314 2997 437 3046 utuntur
448 2993 579 3068 sayphis3
596 2993 698 3050 eodem
711 2993 743 3048 in
757 2994 834 3050 lecto
847 2993 1037 3064 accumbunt;
1053 3011 1148 3068 neque
1160 3004 1204 3050 cst
1213 2994 1272 3050 ulls
1286 3012 1387 3052 mensa

315 3099 445 3138 seorsum
458 3085 543 3142 alicui
553 3086 673 3142 honoris
688 3103 759 3162 ergo
775 3085 877 3161 posita·
893 3086 973 3156 Quid
984 3104 1069 3144 servo
1079 3085 1202 3156 iaceres,
1213 3087 1347 3158 Pontice,
1361 3087 1386 3144 si

315 3173 401 3231 talem
414 3189 514 3234 nactus
531 3179 626 3235 esses?
642 3180 758 3255 Opinon
769 3199 836 3237 eum
848 3179 1015 3236 amandatas
1029 3179 1060 3233 in
1074 3179 1207 3236 Lunniae
1222 3197 1323 3255 agros,
1336 3180 1383 3236 vel

315 3266 438 3337 Tusciae,
454 3280 487 3326 ut
500 3269 543 3326 ibi
552 3270 666 3328 vinctus
680 3273 868 3347 compedibus
879 3283 987 3330 terram
998 3281 1153 3328 exerceret.
1164 3275 1204 3328 At
1215 3291 1281 3344 vos,
1295 3291 1313 3328 ο
1323 3273 1384 3328 uo-

316 3357 394 3414 mani
405 3357 531 3430 nobiles,
550 3360 601 3437 qui
612 3360 756 3440 originem
768 3375 893 3422 vestram
907 3385 923 3420 a
939 3363 1039 3440 priscis
1053 3362 1109 3418 illis
1123 3363 1256 3437 Troianis
1268 3364 1384 3422 ductam

315 3449 466 3508 ambitiose
480 3452 648 3524 venditatis,
668 3473 701 3511 ea
721 3455 752 3510 in
771 3454 855 3512 robis
872 3455 1037 3524 toleranda,
1054 3454 1142 3512 immo
1160 3455 1246 3511 laude
1263 3455 1384 3512 censetis

316 3541 419 3618 digna,
442 3563 505 3619 quae
522 3545 553 3602 in
570 3544 713 3622 mancipio
728 3546 794 3621 jure
815 3547 967 3621 plectenda
982 3545 1139 3617 duceretis,
1158 3545 1281 3622 perinde
1303 3548 1385 3624 quasi
1422 3563 1426 3572 ’

315 3632 436 3692 honeste
451 3634 515 3692 lieri
529 3655 545 3692 a
561 3636 657 3696 Brutis
672 3639 840 3714 Volesisque
857 3649 989 3714 possent,
1009 3655 1073 3714 que
1089 3655 1151 3694 non
1165 3637 1227 3696 sine
1240 3638 1353 3713 probro
1366 3657 1387 3694 a

303 3724 463 3784 ‘sutoribus
476 3731 720 3788 veteramentariis
735 3715 936 3789 admittuntur.
1245 3795 1246 3800 ἵ

359 3820 425 3882 183.
444 3820 524 3892 Quid
537 3833 632 3881 autem
645 3823 736 3897 dicas,
753 3836 802 3881 aut
815 3823 921 3900 quibus
934 3821 1031 3879 verbis
1045 3820 1239 3898 deplorandos
1251 3821 1384 3878 miserri-

317 3927 433 3968 morum
443 3924 608 3990 temporum
620 3935 716 3974 mores
731 3915 974 3993 inquinatissimos
984 3915 1148 3987 arbitreris,
1161 3915 1186 3972 si
1198 3924 1305 3990 preter
1316 3914 1381 3982 illa,

318 4017 381 4076 quae
395 4002 531 4064 hactenus
546 4009 787 4082 commemoravi,
805 4020 864 4068 tam
879 4019 969 4080 tetre,
982 4019 1039 4066 tam
1053 4009 1189 4086 indigns,
1204 4016 1313 4078 restsnt
1324 4005 1378 4060 alis

317 4090 504 4154 nihilominus
514 4100 601 4178 longe
613 4100 761 4178 turpiora?
773 4101 977 4180 Damasippus,
989 4122 1021 4160 re
1034 4101 1167 4160 familiari
1180 4120 1234 4177 per
1244 4102 1341 4158 lusum
1349 4109 1383 4155 et

318 4185 537 4250 comessationes
544 4192 708 4270 dilapidata,
715 4216 833 4274 operam
839 4195 1028 4258 histrionibus
1035 4205 1064 4256 et
1070 4194 1217 4254 actoribus
1223 4193 1385 4252 undamn
