3148 4990
345 405 387 470 62
494 401 665 468 VARIAE
694 401 987 468 LECTIONES
1016 403 1080 468 ut*
1109 403 1261 469 NOTAE

379 517 660 582 Vae.'131.fflt5em,
676 517 1302 581 tnta,15,17,19,at,aa,sm.sec.sb,li.

379 613 447 664 Nor.
470 609 527 662 ι3ι.
541 611 678 668 Venistis,
690 607 724 660 sd
735 627 795 680 quse
805 609 966 664 deduxerant
976 631 1008 664 ex
1019 613 1076 664 lom
1088 625 1227 684 patronos,
1237 629 1291 666 non
1300 613 1411 666 ulterius

345 695 470 761 admissi3
493 691 589 764 Grang.
610 691 711 745 lbidetn
732 693 819 764 potins
837 694 952 765 sportula
970 693 1002 747 iis
1020 695 1215 766 apponebatur,
1228 699 1308 764 primo
1328 699 1413 748 limine

345 797 423 850 supra
433 795 459 830 v.
472 776 505 843 95
516 816 524 842 ,
534 777 577 842 96.
587 804 622 816 -
631 777 712 836 lassi,
726 787 752 827 et
765 774 872 846 quidem
889 793 942 828 non
955 788 1053 828 tantum
1064 775 1215 842 salutando,
1227 775 1392 830 occurrendo
1403 818 1412 843 ,

345 858 516 924 deducendo,
536 856 676 924 sectando,
694 857 740 910 sed
758 859 835 912 etism
852 861 992 927 longissim
1007 877 1082 910 coenoe
1099 872 1175 912 rectn
1191 879 1247 928 spe,
1266 877 1346 930 quam
1362 877 1412 930 per

345 944 484 996 maximam
500 940 553 994 diei
569 951 669 1014 partem
683 940 777 993 frustra
794 941 920 994 aluerant.
930 971 966 983 -
976 947 1071 994 Veteres
1088 947 1203 1005 ellonem
1220 943 1296 996 etiam
1311 943 1363 996 boc
1375 941 1410 996 ad

346 1025 524 1096 indignitatem
535 1023 573 1076 rei
584 1021 728 1093 erigendam
739 1024 817 1075 valet.

381 1172 449 1218 Vsa.
470 1169 526 1216 1³3.
540 1164 668 1230 Quemvis,
685 1175 727 1222 at.
741 1169 850 1230 Votaque
860 1168 992 1232 deponant,
1008 1185 1148 1234 quanquam
1160 1169 1411 1234 longissimam.

346 1255 403 1318 Spes
415 1248 505 1298 ltomtisi
515 1248 672 1312 distinguitur
682 1248 710 1296 in
722 1249 778 1298 edd.
790 1251 881 1312 Grang-
893 1259 918 1298 et
929 1251 1037 1298 lleasuin.
1050 1261 1078 1298 ut
1088 1253 1223 1316 iungantur
1233 1261 1294 1298 vota
1302 1265 1379 1298 eoense
1388 1261 1414 1299 et

347 1349 485 1401 quanquam
494 1331 634 1398 &pissima
643 1347 697 1396 spes
707 1329 808 1390 bomini,
820 1349 874 1397 quae
883 1332 935 1382 soil.
944 1333 1071 1384 homiuem
1081 1335 1163 1382 letum
1174 1333 1273 1395 reddat,
1284 1345 1307 1382 et
1315 1351 1415 1399 semper
1463 1315 1467 1328 ⁸

348 1417 449 1469 meliora
461 1423 641 1478 exspectantem
651 1413 683 1460 ad
693 1423 797 1462 mortem
807 1431 885 1480 mque
897 1417 1037 1474 cassiterum
1052 1418 1118 1465 unde
1129 1418 1243 1482 proverb.
1254 1429 1342 1482 aegrote
1355 1419 1415 1465 dese

347 1501 431 1549 anima
442 1509 491 1555 eat,
505 1514 559 1562 spes
572 1507 619 1554 est,
634 1507 659 1546 et
672 1496 798 1546 Hadriano
812 1498 989 1562 interrogante,
1003 1500 1065 1564 qnid
1073 1509 1110 1548 est
1118 1500 1299 1566 nagisstnumi
1310 1502 1416 1565 Epicteti

348 1582 476 1647 responsio
490 1597 495 1627 :
510 1581 577 1644 Spes.
591 1583 627 1628 lta
638 1593 736 1642 qunque
747 1580 834 1644 nigris.
844 1581 869 1628 la.
880 1579 897 1628 l.
908 1581 1093 1646 interpretatur,
1105 1583 1149 1645 qni
1160 1592 1240 1629 tamen
1249 1583 1415 1648 intes-pnngit:

351 1670 458 1730 Votaque
466 1663 598 1728 sepem,
608 1677 749 1726 quanquam
758 1661 911 1728 longiisains,
924 1679 1011 1722 eoenoe,
1023 1667 1080 1729 Spes
1088 1663 1187 1714 hinni.
1199 1667 1262 1712 Tun
1272 1681 1330 1713 rere
1339 1666 1415 1713 verba

348 1752 383 1800 sic
395 1748 479 1814 potius
491 1744 674 1809 transponenda
687 1761 692 1792 :
710 1746 818 1809 Votaque
829 1746 1034 1811 deponentem
1047 1745 1188 1812 longissima
1202 1763 1342 1812 quanquam
1355 1749 1414 1812 apes

347 1831 452 1888 lsssss'ni,¹
465 1829 514 1878 nisi
525 1845 581 1878 curn
594 1828 668 1876 llein.
681 1825 790 1887 dixeris,
804 1845 832 1876 ea
845 1828 957 1893 expediri
970 1845 1041 1894 posse
1053 1847 1098 1894 per
1111 1829 1250 1894 synchysis.

383 1927 450 1978 Nor.
472 1921 531 1975 133.
554 1927 616 1972 Vota
625 1923 758 1989 depone&
770 1939 843 1993 spem
859 1941 939 1974 ooene
954 1935 1031 1976 recte
1047 1922 1190 1994 abjiciunt,
1206 1941 1345 1994 quaequam
1357 1926 1413 1973 los·

346 2012 448 2080 pissiano
458 2025 534 2058 cesse
543 2025 597 2072 spes
606 2007 709 2064 leonini,
727 2004 877 2058 hominibus
889 2045 896 2070 ,
908 2005 1046 2058 clientibus
1056 2017 1111 2071 est,
1124 2005 1181 2058 hec
1192 2023 1271 2058 caenas
1283 2023 1343 2077 spes
1351 2005 1413 2058 din·

348 2093 446 2148 tissime
459 2092 493 2143 ab
508 2089 659 2141 bominibus
673 2087 864 2157 clientibusque
876 2089 910 2140 ali
925 2089 997 2142 solet.
1011 2089 1171 2141 Heincckins
1184 2089 1241 2141 haec
1256 2087 1390 2142 adnotavit
1404 2107 1411 2141 ι

349 2204 359 2224 ι
370 2177 426 2250 Ego
441 2177 478 2229 sic
492 2185 634 2227 construo:
650 2185 757 2239 uotaque
768 2173 888 2239 deponunt
896 2174 1014 2240 (eoenoe),
1030 2191 1172 2240 qtsnnquam
1185 2174 1326 2240 longissimo
1336 2191 1413 2223 coenoe

347 2281 399 2328 spes
416 2262 513 2312 bomini.
530 2255 572 2308 Ad
584 2255 661 2308 verba
675 2255 762 2326 priora
776 2273 828 2308 vox
841 2273 917 2306 ooenoe
929 2253 1082 2308 assumenda
1099 2267 1137 2308 cst
1153 2273 1185 2307 ex
1195 2273 1269 2305 eoenoe
1283 2257 1411 2326 sequenti.

348 2343 447 2398 Confer
456 2342 556 2394 Ernest.
567 2337 601 2391 ad
609 2337 692 2390 Tacit.
703 2338 770 2388 Ann.
782 2337 810 2387 ll
820 2376 828 2401 ,
839 2353 882 2405 7¹·
898 2337 956 2389 lam
968 2355 1057 2390 sensus
1066 2337 1206 2389 verborum
1218 2335 1261 2388 bic
1274 2355 1280 2388 :
1298 2337 1412 2390 Clientes

347 2444 452 2481 omnem
470 2442 549 2478 coenae
567 2439 640 2494 spem
658 2419 802 2492 abjiciunt,
820 2420 943 2490 quamvis
960 2419 1096 2484 homines,
1115 2418 1161 2471 ubi
1181 2418 1335 2472 comedendi
1353 2440 1411 2492 spes

348 2512 434 2576 adest,
447 2520 472 2564 et
481 2505 581 2578 aliquid
588 2505 638 2558 sibi
648 2502 829 2576 accipiendum
839 2543 846 2568 ,
856 2503 917 2578 quis
929 2503 980 2556 boc
991 2503 1042 2555 vita
1055 2515 1221 2570 sustentatur,
1232 2505 1412 2576 longissimum

348 2611 449 2667 tempus
465 2589 639 2664 exspectando
654 2589 770 2650 trahere,
785 2589 896 2641 maxime
906 2587 1023 2640 animum
1033 2585 1128 2639 durare
1137 2587 1235 2658 possint
1248 2585 1281 2639 ad
1291 2587 1411 2659 longissi-

348 2697 416 2732 mam
427 2674 661 2746 exspectationem,
674 2670 703 2723 id
712 2670 785 2741 quod
801 2671 827 2722 in
841 2670 898 2722 aliis
912 2671 990 2722 rebus
999 2687 1052 2721 non
1061 2670 1094 2722 ita
1105 2682 1152 2722 est.
1168 2669 1267 2722 Eodem
1276 2687 1352 2721 sensu
1363 2688 1412 2740 ego

347 2781 450 2834 semper
459 2759 517 2831 cepi
526 2757 583 2810 haec
592 2756 688 2820 verbu
701 2753 743 2805 illa
757 2766 843 2806 tamen
856 2753 1015 2806 constructio
1024 2769 1114 2804 eornm
1124 2752 1188 2804 mihi
1198 2771 1250 2804 non
1260 2751 1285 2802 in
1296 2763 1412 2804 mentem

348 2844 436 2897 venit:
452 2859 511 2913 quse
526 2839 597 2892 enim
611 2851 672 2888 nota
681 2835 723 2887 his
732 2835 795 2887 locis
808 2833 973 2906 intelligenda
985 2847 1066 2887 essent
1077 2875 1086 2903 ,
1103 2853 1152 2908 per
1164 2852 1192 2887 se
1203 2845 1292 2905 patere
1300 2835 1412 2886 arbitra·

348 2925 404 2976 bar.
426 2916 607 2990 comparanda
628 2929 713 2968 nutent
732 2913 784 2966 boc
807 2914 866 2966 loco
887 2913 964 2965 rcrbn
987 2912 1097 2966 Lucinni
1117 2933 1176 2980 rapi
1195 2934 1242 2965 ess
1264 2909 1307 2964 isrs
1325 2911 1414 2983 μισθᾷ

347 2994 474 3068 rurisque,
487 3001 503 3064 5
515 3015 540 3066 7,
555 3008 580 3046 et
589 2996 621 3060 8,
633 2995 678 3046 ubi
689 2994 795 3046 clientes
803 2989 867 3044 dicit
880 2982 915 3045 δι’
924 2983 1010 3051 sideris
1018 2983 1116 3045 insciis
1122 2987 1194 3062 piiss
1203 2983 1309 3048 πιλλᾶς
1319 2983 1415 3051 nitidius

349 3071 488 3146 impitus,
502 3088 527 3126 et
541 3066 694 3144 vssrpst'xles
713 3070 769 3140 alto
780 3092 793 3127 ι
805 3062 877 3124 aridis
891 3069 913 3124 s's
927 3063 1023 3140 'siseris
1042 3073 1078 3141 esi
1094 3067 1142 3140 βίῃ
1157 3067 1228 3142 stipe
1240 3070 1286 3130 ris
1298 3063 1413 3127 taeniis.

349 3162 447 3216 Confer
458 3170 483 3210 ct
493 3157 561 3208 inira
573 3154 607 3208 ad
616 3156 652 3220 V,
667 3160 714 3208 166
724 3177 731 3219 5
741 3169 765 3206 et
774 3153 853 3226 hujus
863 3155 914 3208 loci
923 3153 987 3207 Var.
998 3153 1115 3206 Lection.
1123 3184 1159 3194 -
1167 3156 1261 3232 Caelis,
1273 3172 1319 3205 seu
1328 3157 1413 3204 caules

348 3261 397 3314 pro
409 3237 503 3312 quovis
514 3236 615 3290 vilioris
627 3236 680 3289 cibi
692 3254 793 3306 genere.

384 3389 449 3434 Vsa.
471 3379 663 3438 134.lloeninis,
680 3381 883 3440 alimoniarum,
899 3382 1004 3441 11,26,
1020 3377 1412 3441 45,59,6ο,64,65;1ιοπυιι

768 3535 997 3554 mm

349 3657 400 3704 lero
420 3653 446 3700 in
464 3653 522 3698 Lex.
531 3647 662 3712 Vulgarem
676 3647 856 3712 interpretatio·
901 3659 925 3695 et
936 3645 1098 3712 Gicriglutn.)
1112 3649 1167 3712 lpse
1177 3648 1247 3694 etism
1260 3648 1324 3695 banc
1335 3647 1415 3712 expli·

249 3777 252 3784 .
349 3750 407 3784 scm
419 3733 499 3780 lirntat
517 3729 590 3777 Heln.
608 3727 706 3776 laudato
721 3728 776 3775 loco
795 3727 857 3773 Plin.
902 3729 973 3776 candi
984 3729 1102 3776 rationem
1116 3738 1211 3775 secutus
1225 3743 1292 3786 sum,
1306 3738 1330 3774 et
1340 3727 1412 3775 aliam

350 3811 451 3876 Epistol.
471 3810 513 3857 lib.
528 3811 579 3866 111,
595 3816 646 3863 ιιι
668 3823 715 3852 tem
734 3817 837 3854 «trucem
848 3839 856 3861 ,
903 3808 956 3855 dixi
965 3807 1138 3870 praeferendam
1148 3807 1415 3871 sultemesaeei,quan1

350 3907 394 3940 nec
405 3901 496 3938 tantiam
511 3887 610 3952 epistola
624 3886 736 3952 dignam,
751 3887 799 3934 boc
811 3894 857 3942 est,
903 3887 1036 3950 Grangaeus
1049 3887 1171 3951 ingressus
1179 3887 1218 3932 eit.
1232 3885 1318 3932 Aliena
1331 3885 1415 3948 itaque

350 3986 403 4018 non
413 3969 487 4016 modo
498 3968 609 4031 dignum,
621 3981 675 4030 qun
689 3965 790 4029 epistola
800 3979 858 4011 nar·
905 3975 973 4025 sunt,
991 3983 1045 4030 qun
1065 3967 1137 4013 llein.
1153 3965 1268 4012 adserens
1284 3981 1335 4020 nae,
1355 3966 1414 4012 falsa

352 4059 433 4108 retur,
449 4047 492 4096 sed
505 4063 558 4109 que
571 4047 609 4093 vel
623 4046 729 4092 carmine
750 4043 861 4107 lugubri,
906 4053 999 4105 antean,
1016 4062 1069 4108 qun
1082 4045 1113 4092 de
1126 4045 1233 4093 dictiorn
1254 4054 1345 4092 tantum
1365 4061 1415 4092 non

350 4129 464 4194 tragoedia
475 4137 594 4174 tractetur.
605 4127 708 4190 (Conler
717 4124 752 4171 ibi
760 4127 861 4171 Gesner.
907 4123 1045 4187 disputarit.
