3134 4990
331 508 334 514 .
396 452 451 523 IN
475 450 708 521 SATIRAM
730 451 1016 520 SEPTIMAM.
1180 443 1242 518 565

164 560 246 618 simol
258 561 287 618 in
298 576 357 620 toto
367 568 420 624 hoc
432 570 495 623 loco
507 571 557 639 (vs.
570 567 687 639 36-52)
701 567 893 639 perstringitur
902 567 1042 619 insanabile
1054 565 1177 617 scribendi
1186 582 1246 618 oar·

164 647 240 704 mino
249 652 393 715 enooetbes,
404 651 478 725 qnod
488 664 546 706 turn
554 652 683 726 temporis
693 655 791 704 tenebat
798 664 840 705 tot
848 651 981 704 homines.
994 648 1072 702 cont.
1083 647 1128 710 ed,
1140 649 1208 742 1,'1.

201 795 273 847 Vn,
290 797 337 860 37..
346 797 398 846 Alii
411 801 529 861 majorem
541 797 650 854 distinct.
663 808 763 864 ponunt
776 808 833 863 post
844 796 904 844 eolis
916 795 1039 860 verbaque
1049 802 1074 842 et
1084 794 1212 842 minanam
1223 803 1249 841 st

165 876 292 938 Apollinis
305 879 359 928 oede
371 879 457 932 relicto
470 897 529 930 enm
541 899 609 946 seqq.
621 885 737 948 iungunt.

200 967 272 1023 Non.
292 969 336 1043 37.
357 977 434 1040 Quem
441 976 509 1036 colis,
519 973 642 1045 qnotidie
652 976 751 1040 solutes
760 986 788 1028 et
796 974 918 1042 secteris,
926 993 983 1028 non
993 975 1051 1028 tine
1060 991 1108 1045 spe
1117 970 1247 1028 mercedis

166 1053 377 1124 consequendo,
396 1058 480 1108 relicto
489 1069 633 1129 propterea
645 1057 784 1116 Mosam
795 1058 958 1114 commertio
967 1070 995 1112 et
1004 1070 1141 1112 consuto
1153 1070 1248 1130 poete·

165 1153 229 1190 rum
243 1137 273 1190 in
288 1142 343 1190 oede
352 1143 481 1192 Musarum
493 1153 520 1194 st
535 1143 656 1210 Apollinis
663 1161 675 1203 ‚·
689 1141 757 1195 Brit.
773 1142 816 1195 lto
832 1153 861 1194 et
875 1144 1040 1203 Callistmtus,
1058 1161 1128 1210 quern
1141 1143 1248 1194 nobilem

166 1221 239 1273 illem
252 1240 326 1290 super
340 1228 424 1290 Oropo
442 1243 556 1276 carosam
568 1238 728 1292 perorantem
744 1227 795 1293 ipse
811 1227 1000 1287 Demosthenes,
1017 1239 1168 1279 noenum
1184 1241 1248 1279 001

167 1303 302 1358 Person
314 1323 454 1371 nnorcrs,
468 1325 604 1370 enorme
619 1326 677 1374 nso,
687 1307 761 1380 opud
770 1309 901 1364 Amminn.
912 1309 999 1362 Mero.
1010 1309 1106 1370 XXX,
1122 1314 1153 1373 4,
1168 1326 1252 1381 quern

167 1385 272 1451 locum,
284 1406 317 1442 ex
327 1402 422 1444 nostro
435 1409 609 1464 expressum,
623 1404 763 1463 comparat
774 1390 870 1444 Heinr.
882 1394 960 1443 AEdes
972 1396 1102 1444 Musarum
1115 1391 1167 1446 tuit
1180 1403 1208 1445 et
1220 1391 1251 1444 in

166 1470 256 1540 primo
273 1473 345 1527 etin
362 1486 457 1546 qnnrta
472 1474 581 1547 regione
597 1474 689 1528 Urbis.
707 1473 778 1528 Vide
793 1473 916 1544 Onnphr.
933 1473 1047 1528 Ponrin.
1064 1472 1140 1546 opud·
1155 1475 1248 1528 Rosin.

166 1553 261 1626 Antiq.
274 1556 305 1620 Ι,
322 1554 363 1608 13.
378 1557 482 1611 Neutra
491 1570 626 1613 exstructa
640 1576 656 1610 n
669 1557 776 1611 Marcio
788 1555 926 1628 Phiiippo,
941 1557 989 1628 qui
1002 1557 1094 1629 potius
1104 1557 1251 1630 templum,
1356 1549 1361 1562 ’

165 1656 223 1698 non
233 1638 335 1704 Musis,
348 1639 396 1694 sed
411 1642 522 1694 Herculi
537 1643 678 1696 Musarum
691 1661 739 1696 teu
753 1643 901 1713 Mnsngetae
916 1639 972 1708 (de,
981 1639 1112 1713 quopvide
1125 1644 1252 1700 Onuser's

167 1724 307 1788 symbolik,
318 1735 383 1777 tom.
397 1724 454 1786 111,
469 1743 532 1798 pop.
547 1731 598 1794 ²94
607 1727 632 1794 ),
647 1723 769 1778 aFulrio
780 1724 914 1777 nobiliore
926 1723 1096 1790 dedicatum,
1107 1724 1252 1778 renovarit

168 1802 246 1872 (vide
258 1805 348 1858 Burro.
359 1817 386 1859 et
396 1807 462 1860 Ero.
478 1806 513 1860 nd
522 1809 595 1862 Suet.
606 1810 673 1880 Aug.
686 1826 736 1878 ²9³
747 1805 815 1859 Plin.
825 1805 942 1872 XXXV,
954 1824 997 1871 ro,
1010 1818 1038 1860 et
1049 1803 1163 1859 Nardini
1173 1809 1251 1856 Roma

168 1892 360 1957 endeo‚-V11‚
375 1894 420 1962 n).
434 1892 495 1946 Hoc
509 1911 576 1946 tero
589 1893 719 1965 templum
733 1905 827 1946 nostro
841 1892 901 1944 loco
915 1889 1064 1962 designari,
1080 1901 1120 1954 st,
1134 1905 1210 1961 teque
1221 1906 1252 1943 te

169 1976 296 2041 Apollinis
303 1973 416 2028 Palatini
426 1973 524 2040 erdem,
540 1976 568 2028 in
578 1976 753 2031 bibliothecis
758 1993 839 2028 utum
852 1972 962 2028 cessisse
973 1983 1054 2045 etque
1065 1971 1191 2026 studiosis
1202 1991 1251 2026 ve·

169 2075 245 2110 essse
259 2055 432 2124 hominibus,
448 2057 486 2110 ibi
502 2056 702 2131 disputantibus
718 2057 952 2129 renitentibusque
967 2055 1051 2109 iibros
1067 2074 1146 2123 snos,
1160 2069 1251 2123 recte,

168 2138 278 2210 opinor,
290 2139 430 2194 contendit
441 2141 527 2195 Bentl.
539 2140 574 2195 sd
587 2141 653 2196 Hor.
666 2142 752 2214 Epist.
761 2142 805 2204 11,
819 2162 845 2208 n,
858 2158 890 2209 9²
903 2159 959 2214 seq.
972 2139 1051 2202 Conf,
1061 2139 1201 2196 Wieland.
1214 2141 1251 2195 od

171 2225 267 2278 Horat.
284 2223 338 2278 Set.
353 2224 385 2290 1,
402 2241 444 2290 to,
460 2224 504 2285 38,
518 2238 546 2279 et
559 2226 648 2299 Epist.
664 2227 708 2290 11,
720 2228 748 2294 3,
764 2224 827 2298 387,
841 2238 874 2280 nt
887 2223 921 2278 de
936 2219 1102 2278 bibliothece
1115 2226 1249 2298 Apollinis

171 2307 288 2361 Palatini
305 2308 414 2380 Koenip
428 2307 463 2361 ad
480 2309 554 2361 Pers.
570 2308 643 2362 Prol.
656 2328 698 2364 rs.
714 2329 741 2382 7.
757 2340 794 2352 -
809 2311 889 2373 Μ,
902 2309 1019 2381 templo;
1033 2319 1062 2361 nt
1076 2327 1138 2364 mox
1154 2328 1197 2364 rs.
1216 2318 1250 2376 40

171 2396 239 2446 ades
248 2392 356 2465 private
364 2391 476 2446 domne:
490 2391 552 2447 tide
561 2392 595 2446 sd
608 2395 668 2462 ΙΙΙ,
682 2391 728 2459 ³1,
737 2392 765 2447 in
774 2394 840 2448 Ver.
849 2393 923 2448 lect.

209 2541 279 2588 Vn.
297 2541 340 2591 88.
354 2540 429 2590 tacis
441 2551 467 2591 et
477 2538 545 2592 sedis
557 2541 662 2591 molebat
673 2545 706 2592 ΙΙ.
717 2543 800 2592 Voles.

211 2637 278 2685 Vn.
297 2637 340 2701 39.
353 2638 387 2684 tte
396 2637 421 2685 si
432 2638 533 2701 quidm
545 2631 628 2688 Codd.
641 2647 666 2688 et
678 2637 743 2687 Edd.
758 2647 859 2686 reoentt.
872 2635 968 2693 Seelsi,
986 2639 1026 2686 16.
1037 2641 1073 2685 At
1082 2636 1122 2695 si,
1138 2639 1179 2700 ι5,
1191 2653 1224 2686 or·
1239 2652 1256 2692 e

173 2735 209 2770 tn.
219 2735 267 2767 seo.
281 2728 329 2780 04,
344 2721 391 2781 25,
406 2720 453 2783 45,
467 2728 512 2783 49,
528 2722 573 2780 50,
587 2722 701 2783 54-57,
716 2721 834 2784 59-63,
847 2719 966 2784 65-69,
981 2729 1099 2782 71—74,
1112 2729 1161 2769 tros
1173 2720 1253 2770 Codd.

106 2847 113 2868 ,
174 2801 250 2850 tutn.
261 2811 285 2850 st
294 2803 348 2850 XX
356 2803 432 2851 Poris.
443 2819 506 2866 qnos
519 2813 616 2851 seentuo
628 2813 665 2851 est
676 2803 740 2851 th.
753 2802 847 2859 Autsi,
864 2817 905 2864 ιο,
918 2817 1028 2864 rp-no,
1040 2819 1087 2864 nn,
1098 2803 1141 2866 23,
1153 2820 1195 2866 op,
1207 2807 1255 2864 46,

175 2887 219 2944 47,
228 2885 272 2946 48,
284 2884 325 2945 58,
335 2885 379 2945 64,
388 2895 436 2933 tres
444 2883 526 2933 cndd.
535 2884 609 2933 liefn.
618 2894 643 2933 et
651 2881 752 2950 qnidern
762 2885 838 2934 Poris.
848 2885 963 2950 equibus
971 2885 1037 2934 hono
1044 2887 1099 2935 leot.
1108 2902 1176 2935 nuno
1185 2885 1254 2937 resti·

171 2967 212 3016 toi
224 2983 270 3033 pro
282 2968 345 3033 vulg.
357 2967 419 3019 etsi.

209 3061 278 3115 Nor·
297 3059 342 3129 39.
361 3063 433 3114 Mille
445 3063 511 3112 anni
523 3079 650 3118 numerus
668 3079 782 3134 mugnus
795 3071 822 3114 et
837 3059 984 3125 rotundus,
1003 3061 1052 3116 sed
1065 3060 1100 3116 sd
1115 3063 1254 3119 iuvenalis

173 3146 229 3200 iere
239 3158 345 3200 estatem
355 3161 517 3218 congruent.
529 3153 538 3180 ¹

211 3293 277 3341 Vin.
297 3301 338 3350 40.
353 3295 488 3357 Incensus,
507 3303 550 3352 04.
572 3293 719 3359 Contennts,
733 3295 775 3344 et·
796 3319 832 3331 -·
852 3292 944 3342 llesitet
959 3309 1105 3360 perpetem,
1124 3295 1153 3343 ni
1170 3295 1255 3355 lellor,

175 3376 274 3424 emend
287 3376 456 3444 Lindenbrog.
468 3389 494 3426 et
505 3377 634 3426 Sohrnder.
648 3408 684 3418 -
698 3379 855 3440 Maeuium,
868 3393 909 3438 ιο,
921 3393 962 3436 ιι,
975 3387 1100 3438 17-242
1112 3393 1144 3425 rn.
1154 3393 1202 3426 seo.
1211 3376 1254 3437 2⁵,

177 3475 220 3523 η,
233 3460 346 3521 45-50,
358 3463 403 3521 54,
417 3461 460 3524 55,
471 3463 584 3528 57-69,
598 3478 639 3524 71,
651 3463 693 3524 73,
705 3472 730 3510 et
740 3462 850 3526 quinque
860 3459 938 3510 Codd.
950 3460 1024 3508 Hefn.
1036 3453 1189 3517 nomionis,
1205 3474 1252 3519 tn,

179 3552 220 3606 ι4,
234 3545 273 3605 ι5,
287 3546 329 3605 16,
340 3554 373 3602 04
388 3561 402 3593 t
413 3562 447 3593 rn.
457 3561 497 3610 pr.
510 3547 552 3605 26,
564 3546 607 3606 56,
620 3561 662 3607 70,
672 3555 786 3608 74-77,
797 3547 839 3594 82.
849 3546 927 3592 Vetne
937 3543 1049 3592 scholion
1058 3553 1095 3592 est
1107 3561 1113 3591 ε
1123 3542 1170 3592 alii
1176 3543 1256 3592 sordi·

175 3629 223 3676 elas
236 3626 327 3684 deden
339 3627 482 3693 aliipictos.
498 3627 539 3676 td
548 3645 622 3694 quem
634 3628 740 3694 glossam
752 3627 871 3678 sonunt.
883 3627 947 3675 bene
958 3627 1010 3674 bno
1020 3627 1131 3675 notovit:
1146 3649 1158 3670 e
1167 3627 1256 3676 Maest-

174 3712 242 3759 lotas
254 3715 316 3760 lorte
330 3713 405 3778 legit,
418 3712 440 3760 si
456 3722 520 3761 reete
534 3712 678 3761 emendatus
690 3723 735 3761 est.
755 3711 865 3760 Pithoens
876 3709 969 3770 edidit,
985 3708 1038 3758 Alii
1050 3704 1161 3758 so'rdibus
1174 3709 1254 3770 dt‘xit,

176 3796 224 3846 olii
230 3796 320 3862 pietas.
343 3799 425 3848 Possis
439 3798 512 3846 etism
526 3796 602 3846 illitos
617 3796 734 3849 sordibus.
757 3797 885 3846 Emblonos
901 3795 1087 3844 sermionletnnr
1105 3795 1162 3857 nti,
1179 3807 1255 3862 pntos

598 3954 830 3976 WRUM

213 4063 222 4087 ¹
243 4056 299 4104 Fuit
316 4056 383 4104 eninr
401 4058 525 4104 Homeros
543 4055 615 4102 ennls
633 4065 689 4104 ente
734 4054 808 4104 Conl.
829 4052 1020 4120 intpp'vellei.
1045 4052 1131 4112 lint,
1153 4068 1208 4118 esp.
1224 4053 1256 4114 5,

177 4135 271 4184 Urbem
288 4135 412 4186 conditum
433 4144 532 4185 oentnm
552 4136 612 4195 tx,
633 4145 691 4200 post
734 4145 759 4182 et
777 4134 889 4183 somarii
902 4127 1098 4183 Exercitationes
1114 4131 1260 4193 Plinitnns,

173 4213 599 4280 llinmoeptomdneentislrxwet.
609 4214 691 4264 schot.
733 4229 789 4280 pig.
803 4214 864 4264 866.
