3056 4984
331 446 396 537 378
610 447 1115 518 D.JUN11lUVENALlS

326 562 494 658 Angulus,
511 563 661 658 inspecta
675 565 789 660 genesi
803 561 942 659 collyria
957 565 1077 660 poscit.

326 674 429 766 AEgra
443 670 518 740 licet
529 671 655 764 jaceat,
671 672 834 768 capiendo
851 673 943 743 nulla
957 675 1094 746 videtur
1345 691 1393 746 580

326 780 447 874 Aptior
460 781 543 849 hora
557 783 649 869 cibo,
664 783 728 852 nisi
746 809 846 878 quam
862 784 994 855 dederit
1007 786 1175 856 Petosiris.

373 889 408 958 Si
422 890 601 960 mediocris
614 892 697 979 erit,
712 894 856 987 spatium
869 892 1024 963 lustrabit
1039 895 1210 988 utrimque

327 999 516 1087 Metarum,
530 1015 565 1070 et
578 1015 684 1072 sortes
701 1001 820 1102 ducet3
838 1003 1054 1100 frontemque
1068 1027 1276 1101 manumque

326 1107 491 1178 Praebebit
506 1111 573 1179 vati
589 1111 745 1181 crebrum
762 1137 948 1209 poppysma
965 1115 1107 1210 roganti.

324 1217 493 1288 Divitibus
510 1245 668 1316 responsa
683 1223 810 1293 dabunt
825 1225 936 1324 phryx
948 1247 1055 1318 augur
1069 1239 1104 1293 et
1119 1223 1219 1293 indus
1345 1237 1392 1292 585

324 1327 538 1418 Conductus,
552 1330 644 1400 dabit
657 1348 823 1403 astrorum
839 1321 1024 1428 mundique
1042 1333 1186 1428 peritus,

323 1439 435 1533 Atque
448 1438 569 1535 aliquis
581 1440 704 1528 senior,
718 1444 776 1537 qui
791 1443 925 1538 publica
940 1441 1077 1538 fulgura
1089 1442 1216 1512 condit.

324 1545 495 1616 Plebeium
514 1549 550 1616 in
565 1549 657 1620 circo
670 1553 816 1645 positum
833 1568 883 1622 est
896 1567 932 1620 et
945 1551 979 1620 in
995 1576 1118 1646 aggere
1134 1550 1252 1620 satum.

323 1654 407 1742 Quae
422 1656 521 1726 nullis
534 1657 675 1754 longum
691 1661 839 1730 ostendit
855 1660 1193 1746 cervicibus‘aurum,

324 1766 479 1836 Consulit
493 1785 571 1838 ante
588 1771 702 1874 phalas
718 1772 1024 1867 delphinorumque
1039 1770 1228 1855 columnas,
1344 1781 1392 1851 ⁵9⁰

323 1877 377 1944 An
392 1901 469 1973 saga
484 1879 645 1949 vendenti
660 1883 765 1951 nubat
779 1905 930 1976 caupone
945 1879 1076 1949 relicto.

374 1989 434 2055 Hoe
451 2002 563 2056 tamen
578 2001 613 2057 et
626 2006 742 2084 partus
758 1992 903 2060 subeunt
919 1989 1116 2074 discrimen,
1134 2003 1169 2056 et
1184 2011 1304 2056 omnes

325 2257 422 2314 passus
433 2240 539 2316 gestari
552 2241 656 2313 libeat,
672 2243 746 2300 hora
759 2242 856 2300 itineri
867 2255 932 2319 epta
945 2241 1131 2300 constituitur
1147 2260 1182 2298 ex
1196 2236 1294 2316 eliqua
1306 2241 1391 2315 ephe-

323 2329 453 2388 meride:
472 2331 498 2388 si
510 2331 632 2408 angulus
644 2334 736 2406 oculi,
754 2334 886 2392 fricando
901 2333 1073 2409 proritstus,
1086 2327 1236 2409 prurigine
1250 2339 1392 2402 tentatur,

321 2441 384 2480 non
395 2423 529 2480 admovet
540 2423 659 2501 collyria
670 2425 726 2482 uisi
736 2438 801 2485 ante
812 2428 1007 2500 horoscopum
1019 2441 1103 2482 suum
1113 2423 1144 2480 in
1154 2425 1253 2480 tehule
1264 2433 1390 2479 astrono-
1508 2433 1509 2475 t

321 2515 395 2571 mim
409 2513 464 2570 rite
475 2513 651 2591 descriptum
664 2517 849 2576 consuluerit.
868 2517 994 2575 laborat
1008 2513 1136 2572 morbo?
1154 2532 1214 2572 non
1235 2524 1331 2572 sumet
1347 2514 1389 2570 ci-

321 2605 410 2675 bum,
427 2604 484 2661 nisi
499 2617 578 2662 certa
597 2607 670 2664 hom
689 2624 776 2682 quam
795 2609 931 2668 Petosiris
948 2606 1080 2666 edixerit.

362 2698 427 2756 582.
449 2695 502 2755 Sin
518 2699 574 2755 erit
590 2698 694 2756 mulier
710 2701 865 2760 mediocris
885 2695 1080 2768 conditionis,
1101 2699 1210 2756 circum
1230 2698 1340 2770 adibit,
1362 2709 1391 2756 et

321 2785 410 2846 metas
427 2789 496 2846 hine
513 2789 582 2848 inde
600 2791 778 2866 pererrabit;
802 2794 901 2869 ibique
913 2794 1031 2851 'oblutas
1050 2793 1087 2848 ab
1105 2783 1203 2866 aliquo
1225 2792 1339 2848 hariolo
1362 2801 1394 2848 et

321 2881 490 2940 circulatore
508 2894 601 2940 sortes
620 2883 724 2941 educet
741 2903 757 2941 e
776 2885 869 2942 cista:
894 2885 1021 2943 frontem
1045 2883 1251 2959 inspiciendam
1274 2903 1307 2940 uc
1329 2903 1389 2938 ms·

320 2991 390 3028 num
409 2973 489 3029 dabit
503 2974 578 3044 vati,
599 2973 731 3031 dextrum
742 2976 803 3050 ejus
816 2978 1047 3052 pertractandam
1059 2987 1089 3034 et
1101 2975 1318 3032 examinandam
1328 2993 1388 3032 nou

319 3061 380 3121 sine
399 3064 546 3122 blanditiis
570 3075 599 3124 et
617 3077 679 3123 arte
700 3068 875 3125 retentoria
897 3069 1062 3144 postulanti.
1089 3069 1259 3143 Locupletes
1277 3066 1388 3123 lemine

320 3159 470 3214 oonmlent
488 3177 626 3236 sngsrrem
645 3159 771 3235 aliquem
787 3163 948 3238 phrygem,
967 3171 1017 3218 ant
1034 3161 1152 3228 indum,
1172 3178 1277 3235 magno
1293 3158 1388 3234 pretio

320 3263 537 3327 comparatum,
558 3264 587 3310 et
610 3253 642 3310 in
661 3255 804 3314 sideribus
822 3254 1026 3331 pernoscendis
1041 3253 1247 3322 exercitatum
1265 3263 1316 3308 snt
1335 3252 1388 3307 sli-

320 3361 407 3420 quem
418 3345 534 3403 demum
546 3363 643 3404 senem
653 3365 690 3404 ex
701 3347 758 3405 illis
766 3346 961 3404 sacerdotibus
975 3346 1027 3421 qui
1039 3345 1213 3403 adhibentur
1223 3344 1260 3401 sd
1274 3343 1387 3419 publius

320 3435 440 3492 smus
457 3434 655 3512 procuranda,
681 3448 711 3496 ee
732 3439 822 3496 sumo
842 3438 1001 3496 escun.
1030 3438 1114 3494 neu
1138 3436 1175 3492 au
1196 3435 1253 3493 um
1276 3436 1388 3492 vassus
1503 3421 1504 3442 ¹

320 3545 370 3584 sus
388 3528 445 3585 feta
464 3529 566 3600 discit,
587 3529 638 3605 qui
650 3540 804 3588 versantur
816 3531 847 3588 iu
863 3531 968 3600 Circo,
992 3540 1021 3587 et
1042 3531 1072 3585 in
1095 3548 1199 3606 aggere
1221 3529 1388 3604 Tarquinii5

321 3631 351 3678 et
371 3620 484 3678 feminae
503 3613 661 3698 ignobiles,
680 3635 744 3697 quse
761 3623 857 3679 nullos
876 3637 979 3678 soreos
999 3631 1116 3696 torques
1136 3639 1151 3678 e
1172 3621 1249 3678 collo
1269 3638 1388 3695 snspen-

321 3731 367 3772 sos
385 3723 512 3792 gestant,
534 3724 600 3771 ente
623 3715 731 3791 ligneas
748 3715 811 3771 illas
828 3731 892 3789 quae
910 3723 977 3770 sunt
994 3713 1025 3768 in
1045 3711 1131 3769 Circo
1150 3723 1262 3782 turres,
1283 3723 1314 3768 et
1334 3731 1386 3768 co-

320 3806 431 3862 lnmms
449 3820 623 3862 manuoreus
638 3805 746 3864 ibidem
763 3806 934 3874 collocatas,
952 3803 1094 3880 delphinis
1113 3804 1145 3859 in
1160 3821 1277 3860 summo
1295 3801 1386 3878 impo·

321 3897 382 3954 sitis
393 3911 524 3970 omstss,
536 3899 717 3977 interrogant
726 3899 851 3974 aliquem
862 3917 898 3955 ex
911 3899 968 3955 illis
981 3899 1143 3975 proletariis
1156 3899 1282 3956 fetorum
1295 3897 1384 3954 iuter-

321 3990 470 4063 ptetibus,
492 4009 563 4048 num
575 3992 672 4067 potius
683 3992 795 4048 nubant
807 3991 872 4050 viro
887 4011 1021 4069 sagorum
1036 3991 1204 4063 venditori,
1219 4009 1306 4066 quam
1319 4009 1383 4050 osu·

323 4084 408 4157 poni,
423 4101 508 4159 quem
522 4085 687 4162 'relinquere
703 4085 833 4160 cupiunt.
1314 4090 1316 4094 '

363 4173 429 4249 ὅρι’
451 4177 558 4234 Temen
576 4177 632 4234 illas
652 4189 750 4254 partus
767 4178 883 4237 labores
898 4197 930 4236 sc
944 4177 1069 4255 pericula
1082 4177 1251 4253 perierunt,
1271 4186 1301 4234 et
1320 4192 1382 4232 mo·
