3058 4988
329 453 394 528 428
487 455 659 520 VARIAE
682 455 977 522 LECTIONES
1000 455 1064 521 ET
1086 453 1240 521 NOTAE

328 567 406 618 verba
422 565 478 620 Cic.
490 566 563 619 Brut.
577 585 601 620 c.
615 565 649 636 37
663 586 670 620 ε
682 589 694 614 ι
705 570 798 640 Ipsum
811 565 904 619 Latine
915 567 1006 639 loqui,
1018 580 1057 621 eat
1069 565 1253 640 illudqnidern
1266 565 1295 618 in
1307 581 1398 638 magna

328 647 406 703 laude
424 649 594 723 ponenduuu
614 650 660 704 aed
678 670 732 704 non
746 663 800 704 taur
813 669 859 704 aua
873 663 976 723 aponte,
991 670 1070 723 quam
1086 650 1159 724 quod
1176 664 1214 704 eat
1233 672 1247 705 a
1267 650 1400 724 pleriaqne

327 732 474 804 neglectum
484 753 491 786 ι
503 751 556 788 non
566 733 636 788 enim
646 747 698 787 tam
708 734 865 807 praeclarum
875 747 912 786 ert
922 734 989 788 scire
998 735 1101 799 Latine,
1109 751 1189 807 quarn
1198 745 1277 805 turpe
1286 733 1398 797 neoniam

326 831 413 884 neque
423 827 475 867 tam
486 815 515 868 id
527 816 594 868 milri
604 817 715 872 oratoria
726 817 804 881 boni,
821 834 901 888 quarn
912 817 976 870 civis
986 817 1098 870 Romani
1109 817 1249 889 proprium
1259 815 1374 869 videtur.
1383 835 1396 860 a

362 909 430 963 Nor.
447 913 506 964 188.
517 910 640 966 Barthiua
650 911 678 965 in
686 911 795 965 Aduena.
807 911 912 976 xxw,
924 911 951 978 5,
963 912 1147 964 hanoveraum
1157 911 1267 982 putabat
1280 908 1398 980 spurium

326 1010 382 1044 aare
391 1004 418 1045 et
429 993 542 1046 alienum
554 995 588 1047 ab
598 993 626 1047 h.
638 995 657 1047 l.
668 995 714 1046 ulai
724 995 823 1066 optima
832 995 870 1047 aic
878 994 1051 1067 interpoletur
1059 993 1195 1046 contentia.
1210 1018 1222 1038 ι
1231 991 1351 1055 Scilicet,
1362 990 1399 1042 in·

326 1075 396 1145 quit,
409 1076 517 1148 quidam
528 1078 709 1142 aemi-Galim,
721 1089 767 1130 aut
778 1078 871 1142 Italus,
885 1089 929 1130 aut
942 1076 1008 1130 adeo
1021 1077 1168 1130 Germanna
1180 1074 1266 1128 doluit
1284 1073 1332 1126 illo
1345 1091 1398 1124 cro

325 1158 405 1212 aciaae
417 1158 509 1214 Graece
523 1158 649 1214 delicatae
659 1161 717 1214 illae
727 1160 816 1231 loqui,
831 1178 879 1212 auo
888 1178 951 1212 vero
962 1159 1133 1232 turpium
1143 1159 1245 1212 neacire
1257 1155 1354 1208 Latine
1365 1154 1400 1206 lo-

326 1243 388 1314 qui,
402 1262 460 1316 quar
475 1245 591 1296 barbarae
604 1245 702 1316 alioqui
715 1265 769 1298 non
779 1235 857 1298 nimia
868 1255 961 1298 eruent.
971 1268 982 1290 ι
997 1243 1089 1315 Neque
1102 1260 1150 1314 ego
1162 1240 1319 1305 dissimulo,
1334 1237 1398 1290 mihi

325 1343 430 1399 semper
439 1326 604 1399 displicuisse
615 1326 687 1381 lrunc
699 1346 813 1385 verrunt.
826 1327 874 1399 qui
885 1326 967 1399 magia
979 1343 1089 1378 acumen
1098 1324 1300 1393 orationemque
1309 1319 1398 1373 rheto-

324 1411 371 1472 ιιι,
383 1411 425 1465 vel
435 1411 512 1463 etiam
524 1410 727 1484 interpolatoris,
737 1411 785 1484 qui
795 1411 849 1464 loci
859 1409 943 1463 Cicer.
956 1410 982 1462 in
991 1410 1096 1462 Comm.
1109 1405 1208 1462 laudati
1220 1415 1397 1468 memorent,

325 1511 404 1564 quam
413 1492 511 1546 satirici
520 1506 603 1565 poetar
613 1494 725 1560 redolet,
736 1506 836 1567 atquea
844 1491 929 1546 Codd.
944 1495 974 1547 13
984 1506 1009 1545 et
1020 1512 1052 1545 ιι
1065 1493 1145 1545 abeat.
1155 1492 1311 1563 Importuna
1319 1487 1396 1540 etiam

325 1588 364 1628 ert
373 1594 425 1628 vox
436 1579 532 1644 magis,
546 1589 574 1630 et
586 1595 677 1631 manca
691 1577 719 1630 h.
735 1577 753 1630 l.
768 1577 911 1642 sententia,
925 1595 984 1648 quaa
996 1574 1130 1648 quomodo
1144 1573 1286 1628 commode
1299 1571 1395 1644 expleri

323 1661 421 1732 posuit,
433 1659 477 1714 vix
485 1661 623 1734 adsequor.
636 1663 707 1715 Num
717 1681 808 1716 aeneus
819 1674 857 1715 eat
864 1699 872 1725 ,
885 1661 988 1733 turpiua
999 1679 1055 1714 ease
1064 1659 1188 1712 Romania
1200 1659 1308 1724 Latine,
1318 1673 1396 1729 quam

324 1743 432 1808 Graece,
451 1745 575 1799 neacire?
594 1765 629 1799 an
641 1747 746 1817 turpius
757 1764 812 1800 erae
824 1745 857 1797 iia
869 1745 971 1798 nescire
983 1745 1092 1811 Latine,
1107 1761 1187 1816 qnam
1199 1743 1294 1796 Grece
1307 1738 1397 1812 loqui?

323 1847 356 1880 an
366 1867 374 1893 ,
387 1827 460 1900 quod
472 1829 539 1882 acb.
550 1841 638 1882 monet
651 1829 713 1898 (cni
722 1847 814 1883 verena
824 1827 930 1882 videtur
941 1827 974 1882 ad
984 1846 1040 1881 rem
1051 1827 1235 1899 aptiaaimua),
1247 1841 1334 1896 quana
1344 1823 1395 1874 lio·

323 1929 414 1964 manoa
424 1912 507 1965 multo
520 1913 602 1986 magia
612 1911 753 1979 dedeceat,
770 1912 864 1965 Latine
877 1913 979 1966 ueae'ire
995 1913 1081 1984 loqui,
1098 1929 1177 1984 quam
1193 1911 1287 1963 deceat
1304 1908 1395 1961 Gme

322 1995 406 2061 acite,
414 2007 442 2048 et
452 1995 544 2048 Graeca
555 1996 656 2050 Latinio
668 1996 850 2069 intempestive
860 1996 980 2048 miscere.
1001 1995 1096 2048 Omnia
1107 1995 1165 2048 haec
1175 2013 1230 2047 non
1244 1990 1327 2045 modo
1340 1991 1393 2044 lan·

321 2090 414 2150 gunt,
426 2077 472 2132 aed
483 2078 561 2132 ctiam
571 2081 641 2134 male
651 2099 769 2153 erpreaaa
780 2091 850 2134 aunt.
864 2077 936 2132 Olim
946 2079 1103 2144 arbitrabar,
1117 2078 1238 2132 fraudem
1252 2077 1353 2130 librarii
1366 2077 1392 2127 in

322 2161 375 2216 hoc
385 2181 464 2217 verra
473 2163 571 2230 latene;
586 2164 709 2237 idemque
718 2164 842 2236 auspicati
853 2174 915 2218 aunt
926 2164 1007 2218 llenr.
1023 2163 1170 2236 Stephanus
1185 2163 1231 2229 (in
1244 2160 1351 2232 dialogo
1361 2159 1393 2213 de

322 2245 391 2299 bene
400 2247 567 2300 inatituendia
577 2248 663 2302 Graec.
675 2247 738 2320 ling.
749 2245 859 2313 atudiia,
873 2265 901 2318 p.
913 2249 966 2315 9²)
978 2259 1003 2299 et
1015 2247 1144 2300 Lubinua.
1159 2247 1208 2298 llle
1220 2245 1392 2310 emendabat,

324 2333 590 2400 Quositturpemagr's5
602 2331 759 2395 hicmeliua,
771 2335 851 2398 Quum
859 2331 1058 2398 aitturpeminus,
1066 2329 1139 2402 quod
1147 2329 1247 2402 recepit
1257 2329 1389 2382 Mmliall.

321 2426 352 2468 ut
359 2432 434 2468 mena
442 2427 525 2488 poeta
534 2415 569 2468 ait
578 2433 586 2469 z
599 2414 821 2488 Quandoquidem
831 2413 919 2467 minua
927 2425 1004 2488 turpe
1013 2426 1039 2467 et
1048 2413 1215 2467 mhoneatum
1225 2431 1283 2467 eaae
1292 2425 1392 2485 reputa·

321 2510 382 2567 tur,
395 2499 513 2571 linguam
523 2500 690 2554 vernaculam
701 2500 836 2573 ignorare,
850 2516 929 2571 quam
940 2515 1088 2552 sermonem
1102 2514 1218 2570 grecum
1229 2514 1285 2550 non
1297 2495 1390 2548 iutelli-

321 2601 389 2654 gere.
403 2583 459 2655 Ego
469 2583 533 2636 olim
544 2584 696 2638 tentabam:
715 2587 806 2636 Omrrr'a
819 2585 919 2646 Graece,
932 2580 989 2636 acii.
1002 2582 1155 2653 proferunt,
1174 2597 1222 2633 aen
1233 2579 1390 2650 loquuntur,

323 2673 402 2736 Quum
416 2670 448 2720 stc
458 2682 524 2738 carpe
536 2670 615 2737 magis
627 2672 715 2720 nostrai
726 2689 758 2720 ea
771 2671 832 2719 scire
845 2669 948 2728 baiae,
968 2665 1011 2717 rel
1025 2670 1088 2733 Qua
1097 2666 1131 2715 sr't
1140 2676 1210 2732 turpe
1220 2664 1303 2730 magis
1317 2663 1390 2730 (tnr-

320 2750 395 2822 piua)
406 2755 492 2804 amena
503 2752 694 2823 (coeuntibus)
706 2770 771 2802 auae
780 2752 843 2802 scire
853 2747 944 2821 (qaod
953 2746 1140 2820 compendioee
1148 2746 1391 2812 acribiturrr‘erer‘re)

320 2837 420 2896 lature,
428 2853 507 2907 quam
514 2835 606 2888 Graece
614 2835 718 2906 eloqui,
727 2834 852 2907 quoniam
861 2844 914 2886 tam
924 2831 992 2885 fmda
1003 2843 1064 2884 aunt
1074 2843 1100 2885 et
1109 2831 1256 2884 inhonesta.
1265 2829 1318 2882 Sed
1325 2829 1389 2882 nilril

320 2914 415 2969 borum
425 2937 496 2972 nunc
510 2917 578 2969 milri
592 2917 703 2982 arridet,
722 2929 748 2970 et
761 2915 807 2968 rix
818 2914 927 2980 dubito,
945 2915 1011 2986 quin
1025 2931 1117 2967 ver-aua
1131 2913 1175 2966 hic
1189 2929 1294 2984 pannna
1310 2911 1361 2977 ait,
1375 2929 1389 2964 a

319 2999 475 3054 scholastico
486 2999 601 3073 quodam
614 2997 733 3066 adantua,
747 3017 802 3071 quo
813 2998 924 3052 rescisso
936 2995 1058 3069 expedita
1070 3007 1136 3049 aunt*
1142 2995 1243 3048 omnia.

354 3094 424 3148 Nor.
447 3096 504 3162 189.
519 3097 582 3156 Hoc,
597 3093 702 3159 Gracc,
721 3113 830 3144 remane
836 3107 944 3163 paveat,
960 3093 1012 3147 hoc
1023 3105 1075 3160 eat,
1085 3109 1212 3166 pavorem
1222 3092 1388 3163 exprimunt,

320 3177 488 3249 reliquaeque
499 3177 587 3230 animi·
594 3177 708 3230 allectus
718 3187 744 3228 et
757 3195 857 3230 renarra.

354 3272 424 3327 Nor.
447 3289 506 3339 ¹90·
521 3274 672 3342 Effundunt,
686 3272 839 3345 proferunt,
854 3271 985 3339 indicant,
999 3272 1106 3347 inprim.
1119 3291 1165 3336 ea,
1182 3289 1242 3343 quar
1253 3281 1316 3323 ante
1329 3271 1388 3324 reti·

319 3365 445 3420 onerant,
459 3366 503 3407 aut
514 3373 573 3428 quae
584 3353 717 3407 reticenda
731 3367 821 3420 erant;
835 3355 881 3426 qui
895 3355 969 3407 verbi
982 3354 1144 3425 significatur
1157 3353 1186 3406 lr.
1200 3354 1217 3406 l.
1231 3353 1388 3425 aptiaaimua.

319 3471 355 3481 -
367 3439 435 3506 Quid
442 3441 516 3496 ulra,
531 3455 568 3490 ac.
582 3437 692 3501 iaciant,
703 3438 746 3490 vel
755 3438 841 3490 lacere
851 3437 951 3508 poaaint
961 3436 973 3488 i'
983 3435 1050 3509 quid
1061 3437 1129 3489 ultra
1139 3447 1178 3489 eat
1184 3476 1192 3502 ,
1202 3453 1257 3508 qno
1266 3435 1389 3509 progredi

318 3522 400 3595 posait
411 3522 488 3576 stulta
503 3521 658 3574 Graecorum
671 3521 781 3573 imitatio
793 3531 818 3572 et
831 3517 984 3573 aemulatio?
997 3517 1116 3574 Venuate
1126 3537 1176 3592 pro
1189 3518 1278 3590 aimpl.
1293 3518 1390 3581 immo,

320 3605 385 3678 quin
394 3603 470 3672 adeo,
480 3604 523 3658 vel
532 3601 604 3676 quod
615 3603 760 3676 pessimum
770 3616 808 3656 eat
818 3615 844 3656 et
856 3600 1045 3674 turpissimum.

354 3763 423 3811 Vae.
451 3777 509 3826 ιρι.
527 3757 692 3810 concitabant
708 3761 814 3809 (ἔναιε.-
830 3775 879 3807 noa
894 3769 931 3808 est
948 3757 987 3807 irie
1004 3775 1081 3807 semo
1092 3757 1211 3824 pudicus,
1229 3773 1275 3817 aa,
1293 3755 1389 3805 orniaaia

319 3843 400 3893 rethia
414 3843 513 3894 mediia.
527 3847 603 3894 Error·
616 3844 676 3893 inde
687 3855 769 3904 ortua,
782 3843 850 3909 qnod
868 3853 892 3892 et
907 3859 932 3891 v.
949 3859 997 3908 ¹9¹
1015 3853 1039 3891 at
1058 3843 1107 3908 ¹93
1122 3857 1177 3891 roo.
1193 3839 1278 3889 Graeoe
1295 3839 1388 3907 legitur.

320 3930 391 3978 Conl.
402 3928 433 3976 ad
444 3931 482 3990 Π,
495 3937 536 3987 al.
622 3987 625 3994 1

354 4020 423 4072 Nor.
440 4038 498 4088 ¹9¹·
511 4025 673 4074 Concrrmbunt
682 4025 778 4083 θηται,
791 4040 876 4092 greco
885 4039 974 4087 more;
987 4019 1095 4074 Grncoa
1105 4035 1159 4070 non
1168 4018 1195 4070 in
1204 4035 1327 4072 ammone
1334 4027 1389 4068 tan·

320 4115 394 4166 tum,
408 4101 454 4154 aed
467 4103 494 4154 in
507 4104 630 4158 omnibus
636 4145 644 4171 ,
656 4105 735 4158 etiam
745 4105 876 4176 turpibus,
888 4103 1043 4157 aemulantur
1053 4102 1145 4165 rebar,
1159 4112 1185 4154 et
1193 4101 1221 4152 in
1231 4099 1273 4153 hia
1284 4115 1389 4172 quoqne

320 4183 409 4256 lingua
417 4203 508 4238 eorum
517 4197 635 4240 utuntur.
646 4217 683 4230 -·
694 4191 785 4250 Dones,
794 4184 938 4252 condouea,
948 4181 1120 4240 condonanda
1128 4195 1189 4237 aunt
1196 4194 1223 4236 et
1229 4180 1387 4236 excusanda.
