3130 4986
333 411 376 490 at
604 408 1125 480 n.surs111uvannn1s

332 525 517 596 Ceduntur
533 525 685 610 tumida,
702 524 834 593 medico
852 525 1000 613 ridente,
1016 529 1176 598 mariscae.

332 638 442 706 Rarus
457 659 567 705 sermo
584 633 664 718 illis,
682 648 716 702 et
731 658 853 730 magna
868 633 983 703 lubido
999 636 1150 724 tacendi,

332 746 445 840 Atque
461 742 641 837 supercilio
656 742 795 810 brevior
811 768 927 812 coma:
944 746 1055 813 verius
1071 770 1154 841 ergo
1373 755 1405 810 ιε

333 858 378 923 Et
393 855 499 948 magis
516 853 662 946 ingenue
679 851 912 922 Peribomius:
930 854 1024 922 hunc
1040 879 1104 950 ego
1121 855 1197 924 fatis
1375 849 1380 858 ’

332 966 487 1057 Imput0‚
504 961 563 1056 qui
579 959 674 1028 vultu
690 961 845 1030 morbum
862 963 1060 1058 incessuque
1077 962 1212 1034 fatetur.

333 1077 464 1143 Horum
481 1070 674 1166 simplicitas
690 1071 904 1159 miserabilis3
921 1072 973 1140 his
990 1071 1085 1141 furor
1102 1074 1173 1168 ipse

333 1185 401 1252 Dat
416 1184 548 1251 veniam
563 1207 571 1248 ε
589 1180 647 1250 sed
663 1181 814 1274 pejores,
831 1181 889 1275 qui
905 1179 984 1249 talia
1000 1181 1111 1250 verbis

332 1289 490 1361 Herculis
506 1289 686 1376 invadunt3
703 1289 793 1357 etde
811 1291 935 1357 virtute
952 1287 1099 1382 loquuti,
1375 1323 1408 1358 ιο

333 1401 476 1472 Clunem
494 1399 631 1494 agitant.
648 1400 722 1492 Ego
739 1411 772 1465 te
789 1412 980 1484 ceventem,
996 1399 1110 1486 Sexte,
1128 1399 1293 1468 verebor?

333 1510 472 1580 Infamis
488 1507 634 1578 Varillus
649 1508 718 1574 ait:
735 1530 803 1600 quo
819 1505 968 1574 deterior
982 1505 1038 1575 te?

333 1621 538 1717 Loripedem
556 1632 667 1687 rectus
683 1618 850 1703 derideat,
867 1617 1061 1711 AEthiopem
1078 1617 1182 1687 albus.

333 1734 420 1822 Quis
436 1730 551 1800 tulerit
567 1728 740 1797 Gracchos
757 1726 798 1795 de
815 1727 978 1795 seditione
995 1727 1196 1821 querentes?

334 1842 420 1930 Quis
437 1838 553 1910 celum
569 1837 668 1905 terris
684 1859 753 1904 non
769 1837 921 1922 misceat,
938 1851 972 1904 et
987 1860 1078 1905 mare
1096 1836 1195 1923 caelo,
1375 1851 1407 1904 25

335 1953 371 2021 Si
388 1950 444 2019 sur
459 1947 632 2043 displiceat
647 1946 766 2028 Verri,
782 1944 950 2014 homicida
966 1943 1104 2030 Miloni,

335 2060 473 2132 Clodius
489 2070 623 2127 accuset
637 2054 803 2139 moechos,
820 2052 964 2122 Catilina
980 2054 1186 2149 Cethegum?

337 2173 379 2238 ln
394 2167 540 2237 tabulam
556 2163 655 2234 Sullae
672 2164 699 2232 si
715 2162 828 2232 dicant
844 2161 997 2256 discipuli
1013 2163 1104 2232 tres?

338 2381 479 2451 medicus,
493 2381 544 2455 qui
555 2379 647 2455 turpis
661 2377 757 2435 morbi
771 2397 873 2436 caussae
885 2377 1014 2436 conscius
1027 2390 1077 2436 est.
1088 2379 1219 2436 Utuntur
1235 2389 1330 2436 autem
1346 2397 1413 2438 ser-

336 2491 424 2530 mone
444 2491 531 2548 parco
555 2483 584 2529 et
604 2471 796 2546 infrequenti3
826 2471 1027 2545 silentiumque
1047 2473 1178 2546 pertinax
1200 2472 1234 2528 iis
1249 2471 1408 2546 plurimum

338 2569 446 2643 placct;
457 2585 568 2623 comam
578 2565 701 2636 habent,
711 2565 868 2622 stoicorum
877 2584 974 2635 more,
984 2564 1023 2620 ita
1033 2565 1194 2635 detonsam,
1205 2577 1238 2621 ut
1250 2566 1410 2640 superciliis

337 2658 458 2715 brevior
470 2657 506 2713 sit
524 2679 530 2714 :
546 2676 615 2733 ergo
634 2657 759 2730 apertius
772 2675 805 2714 ac
820 2657 976 2732 simplicius
991 2658 1050 2734 agit
1066 2659 1261 2730 Peribomius,
1280 2660 1331 2734 qui
1347 2679 1410 2718 non

338 2747 441 2804 vitium
454 2747 624 2818 dissimulat,
636 2747 687 2802 sed
697 2765 780 2803 suum
791 2749 927 2805 morbum
938 2751 1021 2807 vultu
1033 2761 1062 2806 ct
1072 2749 1181 2806 incessu
1191 2749 1312 2821 fatetur3
1325 2752 1364 2808 ita
1375 2764 1409 2808 ut

338 2844 422 2900 illum
432 2839 643 2917 imprudentem
653 2859 771 2913 peccare
780 2840 968 2912 crediderim,
982 2853 1011 2898 et
1023 2843 1082 2899 sato
1096 2843 1221 2918 quodam
1233 2845 1296 2919 rapi
1307 2845 1344 2901 ad
1357 2843 1410 2900 fla·

340 2935 410 3012 gitia
425 2935 472 2989 vel
485 2933 616 2990 invitum.
634 2934 747 2990 Horum
758 2933 881 3008 ingenua
894 2933 1035 2990 consessio
1050 2953 1099 2991 eos
1112 2935 1295 2992 miseratione
1306 2936 1410 3012 dignos

340 3025 426 3094 facit;
443 3025 539 3098 etipse
553 3023 789 3099 impotensfuror
804 3026 917 3080 veniam
931 3037 1066 3082 meretur.
1081 3027 1195 3101 Pejores
1210 3028 1256 3084 bis
1274 3028 1411 3103 simpliei-

340 3116 396 3172 bus
404 3126 471 3172 sunt
480 3115 536 3184 illi,
546 3115 596 3190 qui
606 3115 691 3185 vitia,
704 3115 808 3188 quibus
820 3115 874 3191 ipsi
887 3117 1131 3190 contaminantur,
1144 3117 1293 3193 increpant
1306 3120 1411 3176 severis

342 3217 372 3265 et
387 3207 522 3284 gravibus
536 3207 650 3278 verbis,
667 3207 798 3281 qualibus
821 3209 958 3266 Hercules
975 3210 1011 3265 ad
1030 3210 1213 3266 incusandum
1233 3211 1410 3286 voluptatem

342 3300 455 3371 utitur;
471 3309 499 3356 et
513 3309 665 3373 postquam
677 3299 713 3356 de
726 3299 835 3356 virtute
848 3301 962 3375 loquuti
973 3311 1057 3371 srmt,
1072 3301 1168 3358 clunes
1183 3303 1291 3378 agitant
1306 3303 1412 3360 lascivo

342 3411 433 3450 more.
448 3391 589 3462 Varillus,
606 3391 776 3447 libidinibus
789 3391 915 3462 infamis,
932 3393 971 3448 ait
988 3383 1095 3462 Sento,¹
1105 3395 1230 3450 senatori
1241 3393 1388 3469 impudico
1404 3415 1410 3449 :

344 3485 405 3540 Cur
423 3502 478 3559 ego
499 3493 527 3540 te
541 3493 688 3540 caventem
706 3483 862 3540 revereat?
876 3502 997 3558 quanam
1013 3503 1044 3539 re
1064 3495 1092 3540 te
1109 3484 1237 3541 deterior
1249 3486 1333 3543 sum?
1353 3487 1412 3555 Qui

343 3584 424 3632 recto
436 3585 479 3630 est
489 3592 613 3648 corpore
624 3585 652 3630 et
661 3573 753 3630 liranis
761 3574 883 3648 pedibus
890 3614 898 3644 ‚
912 3574 1003 3630 rideat
1014 3561 1080 3630 sane
1092 3574 1179 3631 alium
1191 3576 1317 3632 obtortis
1328 3575 1413 3650 pedi-

344 3668 399 3722 bus
416 3665 642 3722 claudicantem:
658 3665 709 3739 qui
721 3666 805 3720 vultu
822 3676 865 3722 est
879 3665 1020 3734 candido,
1035 3684 1100 3722 eum
1112 3666 1221 3737 rideat,
1238 3668 1288 3742 qui
1297 3708 1306 3739 ,
1323 3667 1414 3725 instar

346 3759 506 3834 AEthiopis,
530 3759 611 3834 niger
630 3759 675 3814 sit.
704 3759 776 3828 Quis
798 3777 868 3815 vero
887 3779 946 3814 non
963 3759 1082 3836 indigne
1099 3779 1131 3816 ac
1145 3763 1263 3817 moleste
1281 3762 1372 3832 ferat,
1389 3763 1413 3820 si

345 3852 442 3907 audiat
454 3849 604 3908 seditiosos
616 3851 760 3906 Gracchos
776 3850 930 3907 seditiones
943 3849 1096 3908 insectari?
1111 3853 1175 3927 quis
1186 3855 1281 3909 omnia
1295 3865 1414 3928 pertur—

344 3940 412 3996 bata
427 3955 487 3996 esse
504 3959 564 3996 uon
582 3939 724 4009 clamitet,
737 3940 894 4014 caelumque
906 3939 990 3996 terris
1004 3941 1142 4012 mixtum,
1155 3953 1183 3999 et
1196 3961 1274 3999 mare
1288 3946 1372 4014 calo,
1388 3945 1413 4000 si

345 4031 451 4088 latroni
464 4043 626 4088 succenseat
640 4034 763 4100 Verres,
776 4032 848 4088 Milo
866 4031 1038 4089 homicidae?
1054 4034 1078 4089 si
1091 4035 1209 4090 Clodius
1226 4036 1255 4091 in
1265 4035 1414 4092 adulteros

346 4119 517 4192 invehatur,
534 4123 655 4178 Catilina
666 4123 696 4178 in
707 4123 884 4198 Cethegum?
896 4123 920 4180 si
929 4125 1087 4182 Triumviri
1102 4127 1207 4202 Syllam
1217 4167 1228 4196 ,
1247 4128 1327 4204 quod
1335 4129 1413 4186 eires
