3056 4984
324 383 390 465 354
521 414 523 422 ι
600 385 642 448 n.
668 384 807 448 sunu
832 384 1116 453 turnultus

322 503 462 584 Caussa3
480 522 544 568 nec
557 513 622 584 est,
640 523 743 592 quare
759 523 888 568 coenam
903 514 938 568 et
954 514 1122 572 mustacea
1136 501 1275 596 perdas,

321 611 474 678 Labente
490 607 621 694 officio,
638 607 751 676 crudis
770 608 944 696 donanda3
962 633 1027 678 nec
1043 608 1141 698 illud,

320 720 423 810 Quod
440 718 551 814 prima
565 743 627 814 pro
642 735 744 790 nocte
761 719 871 806 datur,
887 744 993 813 quum
1006 718 1102 789 lance
1116 721 1213 792 beata

319 830 479 915 Dacicus,
496 843 531 897 et
544 830 669 924 scripto
684 829 791 898 radiat
805 827 1027 899 Gennanicus
1043 853 1137 900 auro.
1341 851 1390 904 ιώ

319 941 355 1010 si
368 941 428 1009 tibi
443 938 638 1034 simplicitas
651 941 784 1027 uxoria',
802 939 937 1010 deditus
951 939 1011 1008 uni

318 1052 380 1119 Est
393 1050 538 1135 animus;
556 1049 714 1119 submitte
729 1065 832 1145 caput
845 1050 976 1120 cervice
992 1065 1108 1144 parata

318 1163 421 1228 Ferre
432 1160 552 1254 jugum
569 1185 577 1227 :
592 1157 718 1228 nullam
731 1160 902 1246 invenies,
917 1184 992 1254 quae
1007 1174 1121 1254 parcat
1136 1161 1272 1232 amanti.

318 1271 444 1340 Ardeat
459 1271 530 1365 ipsa
543 1269 640 1356 licet,
654 1271 832 1358 tormentis
849 1269 974 1363 gaudet
990 1270 1155 1357 amantis,

317 1384 363 1454 Et
378 1379 505 1474 spoliis.
521 1381 631 1474 Igitur
647 1379 747 1473 longe
762 1379 875 1449 minus
890 1378 983 1450 utilis
996 1379 1044 1448 illi
1339 1416 1388 1452 am

318 1489 425 1575 Uxor,
441 1488 590 1583 quisquis
604 1489 669 1557 erit
685 1489 795 1557 honus
811 1486 1049 1583 optandusque
1062 1489 1214 1561 maritus

318 1599 374 1669 Nil
392 1623 551 1694 umquam
567 1599 672 1668 invita
688 1598 830 1670 donabis
846 1597 993 1691 conjuge
1010 1624 1018 1666 :
1036 1597 1164 1670 vendes

317 1712 389 1778 Hac
403 1709 557 1778 obstante
573 1708 657 1778 nihil
673 1734 681 1776 :
697 1707 798 1794 nibil,
813 1708 886 1777 boec
901 1707 928 1782 si
944 1705 1058 1792 nolet,
1073 1724 1215 1780 emetur.

316 1823 398 1889 Haec
414 1819 505 1888 dabit
520 1816 688 1888 affectus:
705 1816 761 1887 ille
778 1815 975 1887 excludetur
990 1818 1118 1890 amicus

315 1932 391 1998 Jam
407 1930 530 2015 senior,
546 1928 643 2021 cujus
657 1927 794 1998 barbam
810 1942 868 1996 tua
881 1926 985 2019 janua
999 1925 1095 1996 vidit.
1339 1944 1387 1997 nt

317 2038 478 2110 Testandi
494 2063 599 2132 quum
614 2038 657 2107 sit
676 2035 854 2109 lenonibus
869 2051 971 2131 atque
985 2035 1114 2106 lanistis

318 2148 487 2234 Libertas,
502 2163 537 2215 et
551 2147 639 2241 juris
653 2145 742 2232 idem
758 2146 933 2239 contingat
949 2170 1077 2236 arenae3

317 2259 398 2327 Non
411 2282 499 2327 unus
514 2257 574 2326 tibi
590 2255 702 2325 rivalis
716 2257 899 2327 dictabitur
912 2258 1021 2327 heres.
1112 2261 1114 2265 ’

318 2478 376 2546 tate
386 2468 599 2549 laborantibus,
609 2487 699 2544 quum
709 2467 806 2530 officio
816 2468 982 2543 nuptiarum
992 2478 1110 2542 peracto
1120 2465 1268 2524 discedere
1278 2479 1390 2543 parant:

317 2571 452 2642 non-est,
468 2581 520 2618 cur
535 2561 639 2636 perdas
651 2561 708 2634 boc
725 2561 835 2618 donum
848 2560 930 2634 quod
942 2577 1025 2617 novae
1039 2569 1136 2634 nuptae
1149 2579 1205 2635 pro
1219 2561 1313 2635 prima
1326 2579 1392 2618 eon-

316 2654 391 2732 jugii
405 2666 490 2732 nocte
505 2655 638 2725 offertur,
648 2653 771 2730 quando
784 2654 815 2709 in
828 2653 925 2728 patina
938 2651 1049 2729 ingenti
1060 2671 1092 2708 ac
1104 2651 1194 2709 divite
1204 2652 1320 2709 radiant
1331 2653 1394 2728 plu·

317 2767 363 2810 res
374 2747 455 2804 aurei
463 2747 589 2824 nummi,
604 2765 677 2821 quos
689 2745 784 2822 effigie
797 2765 847 2802 sua
858 2745 952 2820 signat
961 2744 1142 2802 Domitianus
1155 2763 1222 2801 cum
1235 2744 1328 2802 titulis
1339 2747 1394 2802 Da-

317 2839 372 2920 cici
387 2850 417 2896 et
430 2837 594 2895 Germanici
608 2838 762 2912 inscriptis.
787 2838 877 2908 Quod
898 2837 924 2894 si
943 2836 1129 2894 nibilominus
1143 2855 1204 2894 erm
1219 2837 1347 2907 amabis3
1370 2837 1394 2894 ai

318 2931 373 2988 tibi
387 2939 429 2988 est
446 2950 478 2988 ea
494 2931 628 3002 facilitas,
644 2941 677 2985 ut
692 2929 735 2984 illi
751 2930 873 3004 obsequi
885 2929 1002 2986 valisin
1022 2929 1174 2997 omuibus,
1195 2939 1282 3004 teque
1300 2941 1393 2988 totum

318 3024 362 3079 illi
377 3023 501 3092 dedere,
518 3021 638 3078 omnino
652 3039 767 3076 necesse
779 3021 835 3076 erit
847 3031 880 3076 ut
895 3021 1002 3078 collum
1015 3020 1087 3096 jugo
1101 3021 1222 3097 subdas,
1241 3033 1271 3078 et
1288 3023 1327 3079 ad
1348 3023 1394 3080 in·

319 3113 436 3188 dignam
450 3112 618 3170 servitutem
634 3112 783 3168 serendam
799 3121 827 3168 te
841 3113 989 3188 accingas:
1004 3114 1113 3170 nullam
1127 3115 1253 3189 reperies
1271 3135 1337 3189 quar
1349 3117 1395 3172 ri-

318 3223 385 3262 rum
402 3203 457 3262 sibi
477 3203 625 3260 addictum
645 3204 720 3259 nolit
739 3221 856 3279 regere,
879 3223 943 3278 quae
962 3205 1005 3261 illi
1028 3205 1151 3280 superbe
1165 3225 1227 3262 non
1237 3205 1393 3281 imperitet.

321 3297 460 3370 Quamvis
472 3296 640 3371 ipsa-virum
650 3307 727 3352 amet
738 3295 882 3371 impense,
896 3296 997 3371 gestiet
1011 3296 1143 3354 eumdem
1156 3308 1253 3356 tamen
1264 3299 1394 3356 cruciare

320 3409 353 3448 ac
365 3389 498 3465 spoliare.
515 3389 657 3462 Quocirca
669 3407 704 3446 eo
715 3389 780 3462 plus
789 3389 826 3444 ab
835 3407 927 3446 uxore
937 3389 1104 3447 detrimenti
1113 3391 1235 3466 quisque
1244 3391 1293 3449 vir
1304 3393 1394 3466 capit,

320 3501 380 3558 quo
391 3500 420 3538 se
432 3479 474 3536 illi
487 3480 635 3538 meliorem
647 3490 678 3536 et
688 3481 877 3540 amantiorem
887 3482 1004 3555 prabet.
1017 3483 1095 3540 Nihil
1106 3483 1238 3557 cuiquam
1250 3485 1392 3561 largieris,

319 3573 393 3630 nibil
404 3572 525 3642 vendes,
540 3572 613 3630 nihil
627 3591 703 3630 emes
714 3593 747 3629 ea
761 3574 851 3630 invita
867 3583 895 3630 et
910 3575 1076 3632 reluctante.
1090 3577 1158 3632 Haec
1169 3595 1237 3633 suos
1249 3577 1306 3634 tibi
1315 3596 1394 3634 amo·

320 3685 383 3736 res,
400 3665 483 3736 odia,
498 3676 664 3740 ceterasque
679 3666 768 3722 animi
781 3666 1013 3741 perturbationes
1028 3661 1139 3724 afflabit
1151 3689 1184 3725 ac
1200 3670 1377 3728 transmittet

319 3758 441 3814 amictun
455 3756 580 3830 aliquem
597 3757 657 3831 jam
670 3758 753 3814 annis
766 3767 938 3831 provectum
956 3757 1051 3831 ejicies
1064 3759 1154 3816 domo
1168 3771 1234 3830 tua,
1250 3762 1305 3820 etsi
1319 3763 1393 3818 hanc

317 3848 367 3904 ille
381 3867 396 3902 a
411 3848 504 3922 prima
516 3846 676 3920 juventutis
689 3869 746 3906 suae
760 3849 847 3906 barba
864 3849 1091 3923 irequeutaverit
1104 3861 1131 3908 et
1147 3852 1280 3908 coluerit.
1298 3854 1391 3924 Quam

319 3939 451 4010 lenones,
465 3940 586 4009 lanistae,
600 3951 629 3998 et
646 3942 817 4016 gladiatores
835 3940 999 3998 facultatem
1016 3941 1124 4000 babent
1141 3943 1287 4000 condendi
1303 3954 1389 4002 testa-

320 4030 428 4100 menti,
447 4041 476 4087 et
492 4050 559 4088 suos
577 4032 633 4088 sibi
651 4032 770 4089 heredes
787 4031 918 4108 legendi,
942 4035 1001 4090 haec
1024 4033 1078 4090 tibi
1099 4035 1257 4111 eripietur3
1281 4034 1392 4111 cogeris

322 4137 370 4176 eos
379 4120 500 4178 heredes
511 4122 543 4178 in
550 4133 719 4182 testamento
730 4135 780 4182 tuo
789 4123 929 4199 scribere,
941 4145 1016 4204 quos
1025 4145 1104 4186 uxor
1115 4127 1171 4184 tibi
1181 4128 1317 4202 dictabit,
1327 4145 1392 4204 que
