3130 4986
324 431 385 510 148
592 421 1111 490 o.suu111uvnnen1s

319 548 458 616 Viscera
473 565 669 636 magnarum
685 538 847 608 domuum
863 535 1056 628 dominique
1072 534 1190 604 futuri.

324 653 499 750 [ngenium
516 648 629 734 velox,
646 647 782 716 audacia
800 645 946 739 perdita,
962 667 1072 712 senno

321 767 517 855 Promptus,
534 773 568 826 et
583 759 667 826 Isaeo
684 754 878 828 torrentior,
895 752 985 838 Ede,
1002 753 1083 846 quid
1099 751 1193 822 illum

320 877 400 941 Esse
416 867 536 965 putes?
551 891 651 961 quem
665 865 716 932 vis
728 864 921 947 homiuem,
938 885 1051 930 secum
1066 861 1181 931 attulit
1193 861 1236 930 ad
1249 886 1325 948 nos;
1351 876 1385 949 7⁵

321 980 581 1060 Grammaticus,
600 975 730 1059 rhetor,
747 987 954 1068 geometres,
971 971 1099 1065 pictor,
1115 969 1251 1065 aliptes,

323 1093 449 1184 Augur,
466 1083 715 1168 schoenobates,
732 1080 901 1163 medicus,
916 1103 1054 1173 magus:
1071 1079 1183 1147 omnia
1199 1079 1311 1147 novit:
1332 1135 1337 1140 .

321 1195 497 1268 Graeculus
514 1192 663 1264 esuriens
680 1190 715 1258 in
732 1187 867 1273 caelum,
881 1187 1037 1280 jusseris,
1053 1187 1124 1256 ibit.

319 1308 370 1378 Ad
381 1328 560 1386 summam,
571 1325 640 1370 non
649 1301 789 1368 Maurus
800 1311 1008 1389 erat,neque
1015 1297 1178 1380 Sarmata,
1188 1296 1386 1381 uecThrax‚

317 1419 387 1508 Qui
404 1412 548 1508 sumpsit
564 1433 709 1506 pennas,
727 1406 844 1476 mediis
861 1405 919 1474 sed
935 1420 1033 1474 natus
1049 1403 1201 1474 Athenis.
1352 1425 1385 1474 so

368 1527 529 1592 «Horum
547 1543 610 1613 ego
627 1541 696 1585 non
713 1515 840 1610 fugiam
858 1510 1058 1606 conchylia?
1073 1515 1132 1580 Me
1148 1513 1241 1608 prior
1255 1512 1310 1582 ille

321 1631 492 1731 Signabit?
505 1628 679 1720 fultusque
697 1641 772 1694 toro
789 1621 928 1691 meliore
946 1621 1120 1690 recumbet

320 1749 488 1819 Advectus
504 1745 664 1823 Romam,
681 1761 749 1831 quo
767 1757 876 1830 pruna
892 1747 927 1800 et
943 1746 1077 1800 cottana
1093 1732 1218 1802 vento?

321 1857 437 1950 Usque
453 1851 536 1919 adeo
554 1845 636 1916 nihil
653 1859 719 1930 est,
737 1841 829 1937 quod
845 1855 960 1912 nostra
976 1839 1117 1908 infantia
1133 1841 1251 1912 caelum

321 1964 441 2034 Hausit
456 1958 661 2030 Aventinum
677 1955 778 2022 bacca
794 1951 921 2019 nutrita
936 1949 1079 2018 Sabina?
1100 1995 1102 2000 -
1353 1969 1388 2022 ες

321 2072 432 2163 Quid,
449 2067 540 2164 quod
556 2062 715 2134 adulandi
732 2085 813 2157 gens
831 2057 1088 2154 prudentissima
1104 2058 1215 2128 laudat

321 2315 500 2373 nominatum
515 2307 697 2376 viminalem,
717 2313 804 2378 atque
822 2301 853 2356 in
869 2299 1035 2357 clarissimas
1055 2309 1084 2355 et
1104 2298 1255 2356 ditissimas
1270 2299 1390 2356 familias

320 2428 349 2465 se
364 2406 526 2480 minuant,
542 2413 576 2459 ut
590 2417 688 2456 earum
704 2415 769 2470 pars
781 2394 917 2464 interior,
934 2404 962 2450 et
975 2391 1056 2468 qtmsi
1072 2392 1199 2462 viscera,
1216 2393 1391 2470 tandemque

321 2511 418 2576 postea
436 2484 548 2553 domitii
568 2491 633 2547 sint.
648 2491 746 2545 Unum
763 2486 888 2560 aliquem
906 2503 939 2541 ex
958 2484 1014 2540 illis
1028 2483 1149 2558 inspiee;
1170 2483 1282 2541 videbis
1294 2487 1391 2543 homi-

321 2609 388 2646 nem
403 2583 510 2662 ingenli
523 2580 663 2656 peractis,
682 2577 817 2656 projectae
832 2577 970 2646 audaciae,
985 2575 1125 2632 sermonis
1138 2575 1279 2650 expediti,
1293 2597 1326 2633 ac
1338 2597 1393 2635 vo-

320 2679 433 2747 lubilis,
445 2675 492 2732 eui
504 2682 613 2728 certare
624 2669 734 2744 priscus
746 2667 794 2728 ille
808 2669 905 2734 heus,
924 2666 1062 2722 torrentis
1073 2665 1104 2720 iu
1115 2685 1225 2722 morem
1237 2669 1325 2723 verba
1338 2667 1391 2726 de·

321 2771 456 2835 volvens,
468 2772 599 2837 nequeat.
612 2763 690 2834 Age,
706 2757 778 2831 quid
790 2757 914 2814 hominis
926 2758 1009 2814 illum
1024 2776 1098 2826 esse,
1110 2767 1159 2812 aut
1170 2757 1249 2829 cujus
1258 2759 1327 2816 artis
1338 2778 1391 2834 pe-
1481 2813 1485 2822 ,

321 2863 410 2918 ritum
421 2852 589 2914 arbitraris?
605 2853 688 2908 Unus
702 2848 832 2904 omniurn
847 2849 936 2904 instar
951 2859 1011 2919 est3
1029 2867 1127 2906 omues
1139 2849 1269 2906 omnium
1284 2851 1391 2908 artium

322 2951 496 3029 professores
509 2947 540 3002 iu
551 2963 581 3001 se
592 2941 757 3014 complexos
771 2940 870 3007 babet,
885 2951 914 2995 et
925 2959 1021 2996 secum
1035 2941 1133 2996 Romae
1146 2940 1271 2998 devexit.
1286 2946 1391 3000 Gran.

323 3044 441 3102 maticus
453 3051 507 3109 est,
523 3038 637 3104 rhetor,
649 3041 809 3109 geometra,
821 3031 930 3106 pictor,
945 3042 1065 3100 unctor,
1079 3050 1185 3107 angar,
1195 3033 1392 3107 funambulus,

322 3133 449 3196 medicus
465 3141 494 3185 et
515 3144 614 3202 magus
629 3145 636 3180 ε
654 3123 746 3179 verbo
768 3120 876 3189 dicam,
899 3120 983 3194 inops
1007 3132 1036 3176 et
1058 3119 1202 3178 famelictu
1224 3126 1391 3196 Graeculus,

322 3220 517 3302 nihillnescit,
533 3217 604 3274 nihil
618 3233 678 3271 uon
693 3223 802 3288 potest,
818 3212 849 3266 in
864 3211 975 3286 ipsum,
991 3212 1015 3270 si
1025 3213 1159 3286 jubebis,
1178 3217 1276 3272 eaelum
1294 3221 1392 3275 evol..

321 3319 374 3378 bit.
388 3319 425 3372 Et
439 3331 510 3370 vero
522 3310 570 3366 ille
587 3307 735 3374 Daedalus,
751 3302 817 3378 qui,
832 3303 935 3378 aptatis
948 3303 1003 3359 sibi
1014 3304 1129 3378 pennis,
1144 3305 1199 3361 iter
1213 3307 1313 3364 avibus
1324 3311 1392 3366 solis

321 3411 455 3488 pervium
469 3402 597 3470 invenit,
617 3417 678 3455 non
693 3407 755 3453 erat
769 3405 850 3450 ortus
866 3394 898 3450 iu
911 3395 1099 3466 Mauritania,
1117 3416 1178 3453 non
1191 3398 1221 3454 iu
1236 3400 1392 3474 Sarmatic,

322 3516 371 3562 sut
386 3497 521 3565 Thraeiu;
535 3492 587 3550 sed
596 3490 665 3564 ipsis
679 3488 816 3555 Athenis,
833 3486 863 3542 in
875 3487 948 3542 urbe
966 3485 1054 3542 totius
1067 3489 1183 3545 Graeciae
1197 3491 1341 3563 primaria,

362 3596 410 3651 81.
426 3591 507 3664 «Ego
517 3580 681 3655 hujusmodi
688 3578 819 3634 homiues
828 3595 970 3651 purpura,
983 3576 1074 3634 instar
1084 3580 1262 3655 principum,
1273 3583 1392 3643 indutos

321 3705 383 3744 uon
399 3677 528 3757 fugiam?
548 3673 657 3741 Patiar,
672 3680 706 3727 ut
720 3687 832 3726 mecum
848 3667 886 3722 ad
901 3666 1111 3742 obsignandum
1127 3681 1326 3730 testamentum
1339 3695 1394 3734 vo-

323 3779 398 3847 cati,
412 3774 510 3849 priore
526 3769 592 3823 loco
613 3764 726 3838 signnm
749 3769 895 3835 apponant
914 3761 1015 3816 suum?
1038 3761 1103 3819 Vile
1119 3764 1308 3840 mancipium,
1327 3789 1393 3826 mm

323 3870 422 3946 prunis
433 3877 462 3922 et
477 3861 587 3918 ficubus
601 3875 658 3912 uua
671 3854 827 3926 eademque
843 3849 909 3906 navi
925 3852 1047 3908 Romam
1064 3853 1264 3930 deportatum,
1279 3877 1394 3918 accum-

282 4009 283 4012 ,
324 3966 372 4020 het
391 3976 503 4016 mecum
524 3953 562 4010 ud
580 3965 707 4005 mensum
720 3946 753 4002 iu
773 3955 839 4000 toro
857 3943 1033 4018 elegantiore
1047 3957 1076 4002 et
1094 3946 1261 4006 nobiliore?
1278 3951 1394 4010 Nihilne

324 4053 439 4109 undem
451 4059 511 4117 est,
525 4063 558 4100 ac
572 4060 626 4116 pro
643 4038 735 4094 nihilo
748 4033 927 4104 habendum,
947 4037 1029 4109 quod
1046 4039 1144 4094 Romae
1159 4040 1234 4112 nati,
1251 4044 1332 4116 quod
1341 4047 1395 4102 ,uh

324 4142 419 4200 italico
435 4139 519 4205 eaelo,
537 4145 565 4191 et
583 4131 654 4188 cibis
670 4126 771 4184 italicis
793 4123 927 4182 innutriti
945 4129 1065 4184 sumus?
1085 4130 1191 4187 Praeter
1207 4132 1393 4206 Absentem,
