3134 4990
454 395 664 460 ‚saurus
689 392 929 480 scrutur..
1172 416 1234 504 5⁴7

167 503 332 578 Dicturus
346 503 447 578 dubia
461 534 525 603 pro
540 510 707 598 libertate,
727 514 875 585 bubulco
986 523 989 531 '

164 617 305 686 iudice:
321 640 442 711 rumpe
456 619 561 688 miser
573 635 708 690 tensum
722 623 834 715 jecur,
848 640 888 694 ut
902 628 964 697 tibi
979 629 1064 701 lasso

165 727 329 820 Figantur
344 726 485 813 virides,
500 727 664 797 scalarum
677 727 800 822 gloria,
817 732 946 827 palmae.

165 836 270 925 Quod
283 836 375 905 vocis
389 836 559 930 pretium?
572 839 682 908 siccus
696 845 950 934 petasunculus,
971 865 1005 919 et
1021 877 1078 923 vas

166 944 405 1040 Pelamydum,
422 961 481 1015 aut
495 963 642 1033 veteres,
659 949 822 1020 Afrorum
839 955 1021 1047 epimenia,
1037 961 1149 1052 bulbi,
1185 999 1235 1036 ne

165 1057 238 1125 Aut
250 1058 368 1125 vinum
382 1056 497 1126 Tiberi
512 1057 707 1146 devectum,
724 1062 875 1156 quinque
891 1063 1030 1159 lagenae.

170 1212 172 1218 .
216 1167 251 1235 Si
266 1183 385 1261 quater
399 1167 513 1261 egisti,
527 1169 557 1237 si
572 1169 714 1263 contigit
730 1193 852 1241 aureus
865 1197 969 1260 uuus,

166 1277 252 1348 lude
267 1278 393 1346 cadunt
409 1292 521 1372 partes
536 1303 577 1347 ex
593 1277 722 1349 foedere
736 1284 1031 1376 pragmaticorum.

165 1387 304 1458 AEmilio
321 1388 470 1474 dabitur,
485 1404 649 1482 quantum
667 1387 761 1476 licet,
776 1406 812 1462 et
825 1392 945 1463 melius
962 1422 1023 1468 nos

165 1499 324 1592 Egimus:
339 1498 441 1590 hujus
455 1499 546 1566 enim
561 1513 628 1568 stat
641 1523 761 1568 currus
774 1501 1013 1588 aheneus,alti
1188 1529 1235 1582 nt

165 1608 393 1703 Quadrijuges
406 1607 442 1676 in
455 1607 648 1695 vestibulis,
664 1622 766 1703 atque
782 1612 853 1704 ipse
869 1609 975 1684 ierooi

166 1716 334 1786 Bellatore
350 1717 471 1786 sedens
490 1733 666 1788 curvatum
681 1719 800 1789 hastile
815 1723 967 1794 minatur

166 1827 325 1913 Eminus,
342 1841 378 1895 et
391 1841 499 1896 statua
514 1828 697 1898 meditatur
714 1828 829 1924 praelia
843 1831 944 1902 lusca.

163 2017 200 2056 ac
209 1997 247 2056 de
255 2015 361 2055 caussae
374 2011 481 2056 eventu
492 1999 651 2074 trepidans,
664 2002 757 2060 instar
766 2004 863 2078 bjscis
872 2006 948 2064 illius
958 2009 990 2064 in
1001 2013 1168 2071 Graecorum
1179 2018 1238 2076 dn-

166 2111 233 2149 eum
244 2109 379 2149 consessu
387 2092 565 2166 permaturi:
577 2105 681 2166 praeest
690 2095 842 2169 questioni
849 2096 942 2170 judex
951 2101 1033 2158 rudis
1042 2114 1072 2160 et
1081 2103 1236 2168 barbarus:

166 2185 300 2244 defendis
313 2203 444 2242 causam
456 2185 598 2256 bominis,
612 2186 650 2243 de
665 2205 743 2263 quo,
759 2207 860 2246 servus
873 2191 960 2250 sitan
972 2195 1062 2267 liber,
1075 2198 1236 2279 dubitatur,

167 2289 197 2337 et
210 2277 365 2353 quaeritur:
376 2295 491 2353 pugnas
502 2297 558 2352 pro
569 2278 743 2336 vindicanda
757 2280 832 2338 illius
844 2283 985 2344 libertate.
999 2291 1098 2366 Urge,
1110 2311 1197 2351 eueca
1209 2309 1238 2354 ts

164 2369 367 2439 declamando,
378 2367 410 2425 id
421 2369 564 2426 mercedis
577 2382 715 2446 capturus
725 2372 874 2447 videlicet,
886 2389 936 2448 ut,
950 2393 1108 2454 postqum
1119 2389 1238 2458 pulmo-

165 2481 233 2520 nem
249 2460 439 2519 vociferando
456 2461 584 2534 ruperis,
601 2472 630 2516 et
645 2461 783 2538 fatigatus
794 2465 935 2537 jacueris,
952 2470 1061 2529 uirides
1076 2477 1238 2548 palmarum

165 2555 254 2626 romi,
268 2551 541 2628 tanquamvietoria
551 2551 589 2608 de
597 2553 766 2610 adversario
775 2568 928 2630 reportatae
938 2577 1173 2642 monumentum,
1186 2591 1238 2650 op·

165 2645 334 2721 pendantur
345 2643 458 2699 loribus
473 2653 529 2699 tnae
540 2642 656 2711 domus,
677 2655 706 2700 et
718 2643 754 2702 iis
768 2661 913 2706 ornentur
927 2657 1047 2712 extremi
1060 2659 1166 2732 gradm
1177 2683 1238 2723 sca.

165 2739 259 2795 hrum
267 2776 275 2807 ‚
284 2753 339 2810 per
351 2751 425 2809 quas
437 2735 469 2789 in
478 2734 645 2791 cubiculum
654 2743 738 2792 tuum
750 2737 909 2798 adscendit.
927 2744 1005 2814 Quid
1017 2761 1153 2821 preterea
1164 2756 1237 2814 lueri

165 2847 298 2888 ecansm
316 2839 399 2885 tanta
416 2827 497 2883 vocis
516 2827 703 2884 contentione
721 2840 859 2904 perorna
875 2833 963 2890 sacis?
981 2838 1094 2916 Nempe
1111 2845 1237 2906 mittitur

165 2921 204 2980 nd
226 2933 255 2978 te
269 2920 373 2996 exigua
388 2930 419 2976 et
432 2919 535 2976 siccata
547 2935 655 2992 perna,
674 2929 748 2976 testa
764 2921 970 2994 pisciculorum
983 2931 1086 3004 plena,
1107 2947 1158 2993 aut
1172 2941 1237 3017 epi-

163 3011 263 3070 menia
278 3021 391 3069 vetnsta
407 3022 437 3067 et
449 3007 591 3084 frandda,
611 3010 665 3084 qui
680 3010 764 3067 bulbi
779 3013 945 3088 frequentes
964 3037 1000 3076 ex
1014 3025 1112 3083 Atrion
1128 3029 1237 3106 depor-

164 3117 265 3163 tantur
277 3102 308 3160 iu
319 3102 448 3172 ltaliam,
462 3113 514 3158 aut
523 3101 585 3158 vini
597 3101 726 3158 secundo
737 3100 856 3162 flumine
871 3109 995 3168 Romam
1005 3113 1117 3174 advecti
1127 3120 1236 3197 lagena

164 3215 305 3275 qumque.

207 3309 274 3349 m.
286 3290 376 3362 Quod
389 3289 432 3358 si,
448 3305 539 3363 qnam
554 3299 657 3363 qnater
668 3306 798 3347 caussam
814 3292 922 3367 egeris,
941 3297 1017 3354 felici
1032 3303 1160 3376 quedam
1176 3308 1237 3366 sato

164 3385 292 3452 aecidat,
307 3393 340 3439 nt
352 3399 456 3437 oureus
469 3379 572 3437 unicus
584 3379 638 3436 tibi
651 3380 848 3454 donetur,.ne
860 3383 884 3440 is
898 3386 1017 3459 quidem
1028 3391 1142 3470 integer
1156 3398 1194 3453 ad
1207 3411 1236 3456 te

164 3475 330 3553 perveniet3
346 3473 398 3531 sed
412 3491 447 3530 ex
463 3491 499 3529 eo
511 3472 691 3529 detrahenda
705 3491 772 3547 pars
786 3475 856 3544 erit,
873 3495 962 3551 qoam
973 3480 1024 3537 des
1036 3488 1236 3561 pragmaticis,

166 3568 218 3643 qui
234 3579 263 3624 te
281 3565 471 3640 adjuverunt,
492 3563 740 3639 quemadmodum
755 3583 822 3622 cum
837 3565 893 3623 illis
908 3579 1012 3642 pactus
1027 3590 1066 3629 es.
1084 3575 1237 3652 Quidquid

165 3659 277 3734 praemii
290 3659 439 3734 postulare
449 3673 504 3730 per
519 3657 595 3730 leges
605 3655 691 3725 licet,
708 3667 802 3713 totum
812 3657 870 3714 boc
882 3661 1031 3734 AEmilius,
1047 3664 1127 3722 dives
1140 3668 1187 3726 ille
1202 3689 1236 3727 ac
1305 3682 1306 3691 ¹

165 3751 271 3808 nobilis
286 3760 444 3824 patronus,
457 3748 641 3823 impetrabit,
659 3749 791 3823 quamvis
802 3767 857 3806 nos
865 3750 970 3824 majori
981 3752 1039 3816 fide
1050 3772 1084 3812 ac
1098 3758 1237 3834 eloquen.
1319 3798 1321 3804 ,

166 3843 204 3898 tia
218 3860 348 3898 caussam
362 3840 530 3898 dixerimus.
548 3839 627 3910 Quid
643 3839 683 3896 ita
694 3841 807 3916 porro?
823 3841 892 3918 quia
903 3844 933 3898 in
947 3845 1044 3919 prima
1057 3846 1121 3920 ejus
1132 3851 1237 3910 aedium

165 3946 248 4010 parte
267 3933 370 3989 visitur
386 3933 488 4008 ingens
505 3949 542 3987 ex
560 3949 616 3986 aere
630 3949 750 4007 currus,
768 3932 806 3988 ab
824 3945 951 4008 quatuor
968 3937 1051 4012 equit
1067 3939 1237 4000 sublimibus

166 4037 290 4083 tractus:
307 4026 369 4099 ipse
386 4025 417 4080 in
428 4041 505 4098 equo
517 4022 607 4079 feroci
619 4023 759 4080 bellatore
774 4024 914 4097 insidens,
930 4027 1011 4085 velut
1021 4029 1160 4105 bellator,
1176 4053 1238 4109 spe-

165 4125 262 4174 ctatur
277 4127 399 4174 curvata
414 4117 509 4178 lancea
525 4125 667 4186 armatus,
682 4115 767 4189 quasi
779 4117 869 4174 ictum
882 4117 914 4176 iu
928 4119 1040 4176 bostem
1051 4119 1195 4200 dirigens,
1209 4139 1238 4185 et

1031 4211 1084 4277 35.
