3130 4986
508 411 697 481 SA'I'IRA
725 417 926 484 TERTIA.

178 527 377 596 Sermonem
393 527 545 615 indocti,
562 530 684 600 faciem
701 531 861 602 deformis
878 535 996 619 amici,

178 637 220 704 Et
235 635 378 732 longum
397 638 536 708 invalidi
552 640 675 709 collum
693 641 882 711 cervicibus
898 659 1007 736 aequat

179 745 355 834 Herculis,
371 751 528 818 Antaeum
546 749 664 844 procul
681 775 699 818 a
716 749 836 819 tellure
854 752 1023 821 tenentis?

179 857 324 926 Miratur
340 884 460 928 vocem
477 875 669 955 angustam,
687 885 754 954 qua
769 859 918 929 deterius
935 885 999 930 nec
1126 955 1130 962 ‚
1215 893 1248 942 90

179 963 237 1033 Ille
252 982 370 1054 sonat,
388 992 457 1061 quo
473 969 648 1038 mordetur
664 968 787 1065 gallina
801 971 932 1038 marito.

180 1077 258 1144 llaec
273 1075 394 1146 eadem
410 1076 492 1146 licet
507 1092 542 1146 et
557 1079 654 1148 nobis
670 1078 829 1148 laudare:
847 1079 906 1148 sed
923 1078 991 1148 illis

180 1182 347 1285 Creditur.
365 1187 420 1252 An
436 1185 565 1272 melior,
582 1210 686 1279 quum
703 1187 831 1256 Thaida
847 1189 1008 1274 sustinet,
1025 1202 1084 1256 aut
1099 1209 1202 1281 quum

180 1290 329 1360 Uxorem
347 1293 520 1362 comoedus
537 1293 624 1389 agit,
641 1294 695 1364 vel
711 1297 840 1366 Dorida
856 1297 949 1366 nullo

181 1397 312 1468 Cultam
330 1400 490 1495 palliolo?
506 1401 626 1470 mulier
643 1428 764 1498 nempe
781 1405 853 1498 ipsa
868 1405 1017 1488 videtur,
1217 1418 1250 1484 95

180 1510 257 1578 Non
275 1537 421 1606 persona
438 1512 551 1606 loqui:
568 1539 674 1582 vacua
689 1529 724 1582 et
739 1514 840 1608 plana
855 1540 969 1584 omnia
985 1514 1075 1584 dicas

180 1618 272 1687 Infra
288 1619 536 1706 ventriculum,
553 1636 588 1690 et
605 1623 700 1690 tenui
717 1621 872 1691 distantia
889 1625 983 1692 rima.

180 1731 253 1799 Nec
269 1745 385 1801 tamen
399 1731 607 1816 Antiochus,
624 1755 689 1800 nec
706 1732 771 1800 erit
785 1732 949 1802 mirabilis
966 1732 1033 1802 illic

182 1841 248 1908 Aut
263 1839 467 1926 Stratocles,
483 1856 542 1908 aut
558 1865 635 1908 cum
650 1838 743 1908 molli
759 1841 954 1910 Demetrius
970 1845 1101 1912 Haemo.

180 1950 280 2020 Natio
297 1950 449 2020 comaeda
463 1965 523 2019 est.
541 1947 667 2020 Rides?
681 1948 819 2018 meliore
837 1951 1002 2020 cachinno
1200 1985 1250 2020 100

181 2059 384 2128 Concutitnr
399 2085 408 2126 :
426 2057 504 2144 flet,
519 2059 546 2126 si
563 2058 725 2152 lacrymas
742 2061 917 2153 conspexit
933 2059 1051 2146 amici,

181 2325 250 2383 quas
261 2308 352 2364 modo
362 2309 534 2379 memoravi,
548 2310 716 2364 Graecorum
728 2303 817 2378 Ares,
829 2308 917 2365 iidem
930 2320 997 2366 sunt
1009 2309 1046 2365 ad
1056 2327 1172 2366 omnem
1182 2309 1252 2365 adu·

180 2401 317 2456 lationem
326 2400 513 2458 solertissimi.
524 2401 657 2458 Amicum
666 2400 732 2458 licet
741 2400 920 2476 imperitum,
931 2411 1065 2475 tauquam
1075 2401 1252 2475 eloquentis-

182 2492 283 2548 simum
297 2493 615 2564 laudabunt31icetore
629 2493 803 2564 deformem,
817 2493 1041 2569 pulcherrimum
1054 2495 1252 2569 appellabunt3

182 2603 309 2640 macrum
319 2596 349 2642 et
359 2603 483 2660 procero
494 2604 526 2640 ac
537 2585 673 2641 imbecilli
682 2586 772 2655 collo,
784 2603 849 2640 cum
861 2585 992 2642 Herculis
1001 2585 1113 2642 cervice
1122 2569 1252 2642 Antaeum

183 2676 284 2750 prornl
304 2695 320 2731 a
337 2677 441 2734 tellure
457 2676 614 2732 attollentis
634 2677 851 2751 comparabunt.
874 2676 1020 2732 Mirantur
1036 2695 1138 2733 vocem
1156 2677 1253 2745 amici,

183 2767 249 2824 licet
258 2768 381 2825 stridula
396 2769 434 2824 sit
447 2780 476 2824 et
487 2769 581 2840 exilis,
596 2787 685 2844 eaque
697 2768 841 2837 deterior,
859 2785 944 2842 quarn
959 2767 1019 2824 edit
1033 2769 1123 2844 gallus
1134 2766 1255 2843 gallina-

185 2877 266 2930 ceus,
282 2879 373 2933 quum
388 2859 550 2935 subigendo
565 2879 645 2916 suam
660 2860 792 2936 gallinam
809 2859 971 2916 admordct.
993 2861 1094 2934 Neque
1112 2859 1253 2916 internos

184 2969 243 3007 non
257 2951 443 3026 reperiuntur
456 2951 543 3009 etiam
554 2951 732 3024 adulatores,
745 2953 796 3027 qui
806 2953 843 3009 ad
854 2954 931 3008 hunc
942 2951 1062 3008 modum
1076 2952 1151 3009 benc
1164 2953 1254 3008 marita

182 3041 215 3098 in
225 3041 323 3098 amieis
333 3043 464 3113 undena
479 3041 545 3112 sed,
557 3043 661 3116 spretis
672 3043 771 3114 nobis,
785 3045 877 3100 Graeci
888 3044 1017 3118 placent,
1028 3043 1121 3099 Graeci
1131 3043 1254 3100 audiun-

185 3145 241 3192 tur.
253 3137 318 3191 linc
326 3135 451 3206 accedit,
463 3135 543 3210 quod
551 3136 705 3192 histriones
715 3133 941 3210 praestantissimi
952 3144 1028 3192 sunt.
1040 3135 1144 3209 Ecquis
1153 3153 1255 3191 comoe·

185 3224 297 3282 diarum
308 3237 391 3282 actor
401 3244 464 3282 suas
475 3225 576 3282 melius
587 3237 682 3301 partes
692 3227 826 3297 sustinet,
843 3245 933 3300 quum
946 3225 1063 3282 TbaIdis
1077 3225 1109 3281 in
1122 3227 1254 3294 theatro,

186 3337 274 3393 quum
289 3329 443 3388 mamona,
458 3337 548 3393 quum
565 3318 683 3375 Doridis
701 3319 784 3376 nullo
801 3317 919 3392 palliolo
938 3327 1082 3372 exornatae
1101 3335 1255 3391 personam

185 3411 257 3487 agit,
271 3429 359 3486 qnam
368 3410 490 3485 quilibet
498 3413 665 3468 Graeculus?
677 3413 766 3478 Nam,
776 3419 1016 3486 nonpersoaatus
1024 3407 1072 3462 vir
1080 3407 1161 3481 loqui
1170 3407 1255 3464 vide-

187 3514 247 3574 tur,
258 3501 311 3558 sed
321 3503 426 3559 mulier
436 3504 508 3578 ipsa3
518 3503 629 3577 jurares
640 3503 725 3561 etiam
736 3501 790 3576 ipsi
801 3500 874 3556 nihil
886 3518 945 3556 esse
955 3498 1046 3556 virilis
1057 3497 1255 3555 infravenni-

186 3597 298 3665 culum3
314 3595 365 3652 sed
380 3596 477 3652 omnia
488 3617 576 3654 vacua
592 3608 620 3654 et
633 3599 733 3672 plana,
746 3611 860 3651 necnon
873 3603 905 3649 et
919 3591 999 3649 tenui
1011 3591 1085 3648 riam
1099 3589 1206 3659 divisa,
1222 3601 1255 3647 ut

187 3699 254 3745 sunt
267 3687 405 3764 pudenda
419 3688 597 3745 mulieribus.
620 3689 675 3744 Fac
697 3687 729 3743 in
750 3685 879 3742 eamdem
901 3703 1015 3740 scenam
1037 3683 1124 3738 illum
1136 3681 1256 3755 prodire

187 3799 252 3838 tum
265 3779 461 3837 celeberrimis
474 3780 610 3837 Romanis
623 3780 786 3847 actoribus,
802 3777 963 3847 Antiocho,
980 3775 1137 3844 stratocle,
1151 3777 1256 3832 Deme-

188 3869 262 3943 trio,
281 3874 406 3932 delicato
422 3875 537 3944 Haemo;
556 3873 686 3931 ominum
701 3882 894 3949 spectatorum
912 3871 1026 3943 plausus
1042 3878 1071 3922 et
1088 3865 1256 3924 admiratio-

186 3983 253 4022 nem
266 3984 341 4022 uuus
352 3984 412 4040 prae
425 3965 486 4021 istis
500 3965 618 4022 auferet.
637 3967 711 4022 Tota
725 3967 893 4020 Graecorum
909 3979 978 4037 gens
992 3958 1029 4016 ad
1045 3957 1211 4016 comoediam
1226 3971 1255 4015 et

185 4059 369 4116 histrioniam
379 4069 423 4114 est
431 4057 503 4114 lacta
512 4068 541 4114 et
551 4069 616 4114 nata
627 4079 634 4114 r
647 4057 787 4125 si'rideas,
800 4053 997 4129 erumpentia
1006 4049 1128 4124 majores
1142 4053 1254 4108 cachin-

188 4170 265 4210 nos:
286 4151 517 4228 silacrymatur,
539 4151 665 4210 tundunt
684 4150 739 4231 ipsi
758 4151 898 4228 lacrymas
916 4145 1062 4218 ubertim,
1086 4146 1154 4203 licet
1173 4147 1254 4202 nullo
