3130 4986
321 472 383 538 150
593 467 1107 560 n.1nu111uvnuaurs

320 589 396 655 Nec
412 585 527 654 dolet:
545 583 727 679 igniculum
744 583 870 651 brurnae
886 583 914 650 si
930 598 1082 676 tempore
1098 603 1232 676 poscas,

261 741 263 746 η
319 696 453 789 Accipit
470 694 690 762 endromiden
707 718 715 760 ε
733 693 760 760 si
776 691 917 776 dixeris,
934 707 1055 776 aestuo,
1072 691 1178 760 sudat.

368 807 476 874 «Non
492 828 605 872 sumus
622 827 704 898 ergo
721 827 818 896 pares
838 802 1001 886 :'melior,
1019 802 1078 895 qui
1094 825 1227 894 semper
1242 813 1277 868 et
1292 797 1385 866 omni

319 917 429 984 Nocte
447 914 566 1008 dieque
584 928 695 1007 potest
711 912 858 980 alienum
873 935 1005 979 sumere
1022 909 1171 996 vultum,
1337 925 1385 974 105

319 1028 347 1092 A
365 1023 452 1092 facie
465 1024 591 1117 jactare
607 1045 746 1107 manus,
763 1022 899 1090 laudare
916 1035 1069 1115 paratus,

319 1133 354 1201 Si
369 1133 456 1200 bene
473 1132 634 1216 ructavit,
652 1130 678 1200 si
696 1145 824 1200 rectum
840 1131 961 1199 minxit
977 1133 1124 1216 amicus,

319 1245 354 1313 Si
372 1242 471 1311 trulla
488 1245 621 1310 inverso
639 1242 809 1336 crepitum
827 1240 920 1310 dedit
935 1265 1036 1310 aurea
1051 1240 1166 1310 lundo.

319 1355 485 1420 Praeterea
501 1365 653 1422 sanctum
670 1350 754 1419 nihil
771 1366 837 1436 est,
855 1366 890 1419 et
906 1353 947 1420 ab
964 1352 1104 1446 inguine
1121 1365 1249 1435 tuturn3

320 1463 401 1530 Non
418 1475 572 1529 matrona
587 1460 683 1545 laris,
700 1484 768 1529 non
786 1460 853 1529 lilia
869 1463 985 1556 virgo,
1002 1486 1113 1553 neque
1130 1462 1202 1554 ipse
1340 1487 1388 1525 no

321 1573 470 1664 Sponsus
486 1569 567 1638 levis
583 1568 710 1656 adhuc,
727 1594 796 1638 non
813 1569 902 1637 filius
918 1585 996 1637 ante
1013 1569 1165 1662 pudicus.

321 1683 453 1747 Horum
470 1680 497 1746 si
513 1676 597 1746 nihil
613 1690 679 1760 est,
695 1679 802 1744 aviani
820 1679 993 1771 resupinat
1009 1679 1118 1746 amici.

321 1790 415 1858 Scire
433 1787 552 1856 volunt
568 1801 696 1856 secreta
712 1787 847 1870 domus,
864 1802 963 1879 atque
981 1787 1059 1855 inde
1077 1787 1198 1855 timeri.

369 1929 386 1964 a
397 1901 440 1966 Et
455 1897 613 1992 quoniam
631 1897 735 1990 coepit
750 1898 947 1965 Graecorum
964 1897 1110 1978 mentio,
1127 1897 1232 1964 transi

322 1999 522 2103 Gymnasia,
538 2021 639 2100 atque
655 2007 733 2074 audi
751 2005 881 2074 lacinus
896 2004 1034 2097 majoris
1050 2004 1177 2074 abollae.
1340 2021 1389 2075 115

321 2119 451 2187 Stoicus
467 2117 591 2186 occidit
604 2119 761 2198 Baream,
779 2114 909 2183 delator
924 2109 1085 2196 amicum,

321 2345 425 2402 dolore
435 2364 506 2402 vero
520 2356 693 2421 tangantur:
708 2346 731 2402 si
744 2364 797 2419 per
808 2346 930 2402 lenem
942 2345 1070 2402 loculum
1082 2362 1181 2418 poscas
1191 2342 1326 2423 leniendo
1337 2343 1392 2398 fxi-

321 2437 401 2512 goti,
424 2437 566 2493 continuo
586 2447 695 2504 vestem
715 2436 866 2505 villosam,
888 2435 968 2510 quasi
989 2435 1121 2511 algeant,
1144 2434 1270 2490 induunt
1289 2456 1296 2490 z
1315 2433 1339 2490 si
1362 2445 1391 2490 te

322 2539 440 2584 aestuare
455 2528 578 2596 dixeris,
595 2527 649 2602 ipsi
666 2547 695 2584 se
710 2539 787 2585 totos
800 2529 903 2586 sudare
916 2529 1054 2602 dejerant.

341 2658 344 2672 ,
365 2627 430 2686 104.
452 2621 588 2688 «Fateor,
606 2619 693 2695 longe
706 2639 804 2676 suiuus
816 2621 872 2677 illis
891 2621 1031 2695 impares3
1053 2620 1152 2676 eadem
1172 2630 1307 2694 prostare
1329 2639 1390 2677 nou

322 2729 489 2784 possumus3
504 2711 624 2768 vincunt
638 2713 688 2785 qui
703 2711 783 2773 omni
798 2723 828 2768 et
843 2713 909 2770 loco
925 2723 953 2768 et
968 2724 1113 2786 tempore,
1128 2723 1234 2781 noctu,
1247 2711 1389 2779 interdiu,

322 2803 431 2860 alienos
445 2803 542 2860 vultus
558 2801 665 2878 lingere
683 2814 713 2860 et
728 2804 889 2879 exprimere
904 2816 1032 2860 norunt:
1050 2823 1149 2860 manau
1168 2822 1232 2860 suas
1250 2796 1394 2873 osculari,

323 2907 352 2952 et
371 2897 408 2952 ab
425 2912 476 2954 ore
495 2896 644 2969 suoquasi
662 2896 858 2954 admittenda
875 2897 971 2952 oscula
990 2896 1082 2954 amico
1102 2896 1269 2969 frequenter
1291 2906 1391 2952 exten-

323 2988 411 3057 dere;
429 3000 543 3061 paratus
556 2987 673 3044 laudare
687 2988 825 3059 amicum,
844 2990 867 3046 si
884 2990 958 3046 bene
976 2990 1115 3060 metavit,
1135 2988 1251 3046 sirecte
1266 2988 1390 3057 minxit,

324 3080 347 3136 si
370 3097 488 3136 aureum
512 3099 561 3135 vas
584 3078 629 3154 (la
652 3081 748 3138 ckaise
765 3081 891 3160 perede)
915 3091 1097 3138 resonantem
1115 3081 1255 3155 crepitum
1273 3079 1391 3138 dedite

282 3229 288 3242 ,
322 3169 416 3227 laudo
430 3170 467 3226 ad
480 3187 567 3226 anum
582 3171 665 3228 amici
678 3173 800 3230 cacantis
820 3185 849 3230 et
869 3173 1000 3249 pedentis
1013 3175 1138 3231 inverso.
1159 3175 1299 3228 Praeterea
1319 3172 1391 3228 nihil

324 3273 367 3320 est
382 3272 512 3318 sanctum
528 3273 557 3318 et
570 3279 701 3320 secuntm
715 3284 731 3318 a
747 3264 868 3322 libidine
880 3267 1047 3323 Graecorum
1062 3264 1204 3340 inguinis3
1217 3282 1270 3320 nec
1284 3275 1392 3318 mater-

324 3353 460 3422 familias,
475 3373 528 3410 nec
542 3353 625 3430 virgo
639 3354 712 3424 fitia,
728 3373 781 3412 uec
793 3373 914 3431 sponsus
925 3357 1018 3416 adbuc
1032 3356 1187 3426 imberbis,
1202 3375 1255 3412 nec
1268 3354 1305 3412 ad
1318 3357 1391 3412 banc

324 3463 415 3520 tuqtte
440 3445 514 3501 diem
536 3457 627 3503 castus
649 3445 734 3504 lilius.
755 3449 902 3518 Tandem,
922 3449 946 3504 si
965 3449 1076 3504 nullum
1100 3449 1206 3506 borum
1225 3445 1392 3517 inveniant,

325 3557 410 3614 quern
425 3555 611 3612 eorrumpere
623 3539 750 3613 possint,
762 3541 854 3596 aviam
869 3540 959 3616 ipsam
970 3540 1072 3610 amici,
1087 3539 1298 3616 quantumlibet
1306 3549 1391 3594 vetu-

324 3633 398 3703 lam,
415 3630 597 3704 resupinant,
613 3643 643 3688 et
659 3632 685 3688 ei
698 3644 829 3707 stuprum
844 3633 972 3690 inserunt
985 3655 992 3697 ;
1007 3635 1079 3690 scire
1097 3621 1199 3690 volunt
1213 3631 1326 3688 familie
1340 3650 1388 3688 ar·

325 3743 393 3781 cana
403 3765 412 3794 ,
423 3734 457 3778 ut
468 3723 630 3799 timeantur,
644 3725 835 3782 vetustorum
849 3727 964 3784 conscii.

369 3824 432 3882 rit.
448 3817 506 3870 «Et
517 3815 652 3890 quoniam
664 3817 800 3892 coepimus
812 3817 849 3875 do
858 3818 964 3874 Graccis
978 3817 1087 3889 dicere,
1107 3816 1271 3876 omittamus
1282 3819 1392 3876 leviora

325 3907 447 3984 flagitia,
470 3927 533 3982 quae
553 3909 647 3966 solent
665 3909 701 3964 ab
721 3927 821 3966 eorum
837 3909 984 3966 nonnullis
1000 3921 1134 3984 tanquam
1148 3910 1291 3968 tironibus
1314 3922 1342 3968 et
1360 3911 1391 3966 in

325 4002 378 4056 hac
392 4003 530 4059 scelerum
543 4003 670 4076 palaestra
683 4003 814 4060 noudum
827 4003 1065 4060 exercitatissimis
1076 4002 1198 4060 admitti.
1212 4005 1257 4060 En
1271 4003 1391 4079 ὤμω

324 4095 428 4150 Graeco
447 4093 585 4165 emerito,
606 4105 635 4151 et
654 4095 735 4168 qussi
749 4096 839 4170 majus
853 4095 971 4170 pallium
986 4095 1106 4166 merito,
1126 4096 1255 4154 lacinus:
1273 4097 1391 4152 Publius

325 4185 483 4261 Egnatius,
497 4186 683 4263 philosophus
694 4187 826 4258 Stoicus,
844 4187 979 4248 educatus
996 4188 1028 4244 in
1045 4207 1079 4246 ea
1093 4189 1167 4248 urbe
1180 4207 1266 4262 quam
1280 4189 1392 4246 Cidnus
