<?xml version="1.0" encoding="UTF-8"?>
<!DOCTYPE html PUBLIC "-//W3C//DTD XHTML 1.0 Transitional//EN"
    "http://www.w3.org/TR/xhtml1/DTD/xhtml1-transitional.dtd">
<html xmlns="http://www.w3.org/1999/xhtml" xml:lang="en" lang="en">
 <head>
  <title>
</title>
<meta http-equiv="Content-Type" content="text/html;charset=utf-8" />
  <meta name='ocr-system' content='tesseract 3.04.00' />
  <meta name='ocr-capabilities' content='ocr_page ocr_carea ocr_par ocr_line ocrx_word'/>
</head>
<body>
  <div class='ocr_page' id='page_1' title='image "./sexdecimsatir01lemagoog_0372.png"; bbox 0 0 3056 4984; ppageno 0'>
   <div class='ocr_carea' id='block_1_1' title="bbox 486 485 1212 564">
    <p class='ocr_par' dir='ltr' id='par_1_1' title="bbox 486 485 1212 564">
     <span class='ocr_line' id='line_1_1' title="bbox 486 485 1212 564; baseline 0.019 -15"><span class='ocrx_word' id='word_1_1' title='bbox 486 485 674 552; x_wconf 85' lang='lat' dir='ltr'><strong>SATIRA</strong></span> <span class='ocrx_word' id='word_1_2' title='bbox 703 486 879 556; x_wconf 84' lang='lat' dir='ltr'><strong>SEXTA.</strong></span> <span class='ocrx_word' id='word_1_3' title='bbox 1153 498 1212 564; x_wconf 82' lang='lat'><strong>351</strong></span> 
     </span>
    </p>
   </div>
   <div class='ocr_carea' id='block_1_2' title="bbox 122 596 1220 2116">
    <p class='ocr_par' dir='ltr' id='par_1_2' title="bbox 150 596 1015 692">
     <span class='ocr_line' id='line_1_2' title="bbox 150 596 1015 692; baseline 0.007 -24"><span class='ocrx_word' id='word_1_4' title='bbox 150 596 305 682; x_wconf 84' lang='lat' dir='ltr'><strong>Clausus,</strong></span> <span class='ocrx_word' id='word_1_5' title='bbox 320 614 356 668; x_wconf 92' lang='lat' dir='ltr'><strong>et</strong></span> <span class='ocrx_word' id='word_1_6' title='bbox 371 600 504 670; x_wconf 87' lang='lat' dir='ltr'><strong>armatis</strong></span> <span class='ocrx_word' id='word_1_7' title='bbox 520 602 629 671; x_wconf 82' lang='lat' dir='ltr'>obstat</span> <span class='ocrx_word' id='word_1_8' title='bbox 645 623 719 670; x_wconf 89' lang='lat' dir='ltr'><strong>casa</strong></span> <span class='ocrx_word' id='word_1_9' title='bbox 732 602 873 672; x_wconf 90' lang='lat' dir='ltr'><strong>candida</strong></span> <span class='ocrx_word' id='word_1_10' title='bbox 888 605 1015 692; x_wconf 88' lang='lat' dir='ltr'><strong>nautis,</strong></span> 
     </span>
    </p>

    <p class='ocr_par' dir='ltr' id='par_1_3' title="bbox 149 708 1215 805">
     <span class='ocr_line' id='line_1_3' title="bbox 149 708 1215 805; baseline 0.011 -30"><span class='ocrx_word' id='word_1_11' title='bbox 149 708 301 777; x_wconf 82' lang='lat' dir='ltr'>Grandia</span> <span class='ocrx_word' id='word_1_12' title='bbox 315 710 480 780; x_wconf 89' lang='lat' dir='ltr'><strong>tolluntur</strong></span> <span class='ocrx_word' id='word_1_13' title='bbox 493 711 703 805; x_wconf 87' lang='lat' dir='ltr'><strong>crystallina,</strong></span> <span class='ocrx_word' id='word_1_14' title='bbox 720 712 862 783; x_wconf 86' lang='lat' dir='ltr'><strong>maxima</strong></span> <span class='ocrx_word' id='word_1_15' title='bbox 878 738 993 784; x_wconf 87' lang='lat' dir='ltr'><strong>rursus</strong></span> <span class='ocrx_word' id='word_1_16' title='bbox 1168 739 1215 795; x_wconf 74' lang='lat'><strong>155</strong></span> 
     </span>
    </p>

    <p class='ocr_par' dir='ltr' id='par_1_4' title="bbox 149 820 1110 910">
     <span class='ocr_line' id='line_1_4' title="bbox 149 820 1110 910; baseline 0.008 -22"><span class='ocrx_word' id='word_1_17' title='bbox 149 820 349 906; x_wconf 87' lang='lat' dir='ltr'><strong>Murrhina,</strong></span> <span class='ocrx_word' id='word_1_18' title='bbox 363 820 489 891; x_wconf 89' lang='lat' dir='ltr'><strong>deinde</strong></span> <span class='ocrx_word' id='word_1_19' title='bbox 503 821 636 890; x_wconf 81' lang='lat' dir='ltr'><strong>adamas</strong></span> <span class='ocrx_word' id='word_1_20' title='bbox 652 822 862 910; x_wconf 85' lang='lat' dir='ltr'><strong>notissimus,</strong></span> <span class='ocrx_word' id='word_1_21' title='bbox 879 840 914 893; x_wconf 88' lang='lat' dir='ltr'><strong>et</strong></span> <span class='ocrx_word' id='word_1_22' title='bbox 930 826 1110 896; x_wconf 86' lang='lat' dir='ltr'><strong>Beronices</strong></span> 
     </span>
    </p>

    <p class='ocr_par' dir='ltr' id='par_1_5' title="bbox 151 928 972 1024">
     <span class='ocr_line' id='line_1_5' title="bbox 151 928 972 1024; baseline 0.011 -29"><span class='ocrx_word' id='word_1_23' title='bbox 151 930 189 996; x_wconf 91' lang='lat' dir='ltr'><strong>In</strong></span> <span class='ocrx_word' id='word_1_24' title='bbox 205 928 311 1022; x_wconf 79' lang='lat' dir='ltr'><strong>digito</strong></span> <span class='ocrx_word' id='word_1_25' title='bbox 327 929 434 998; x_wconf 84' lang='lat' dir='ltr'><strong>factus</strong></span> <span class='ocrx_word' id='word_1_26' title='bbox 448 931 628 1024; x_wconf 81' lang='lat' dir='ltr'><strong>pretiosior</strong></span> <span class='ocrx_word' id='word_1_27' title='bbox 645 958 653 1000; x_wconf 90' lang='lat'>:</span> <span class='ocrx_word' id='word_1_28' title='bbox 670 932 762 1000; x_wconf 91' lang='lat' dir='ltr'><strong>hunc</strong></span> <span class='ocrx_word' id='word_1_29' title='bbox 778 932 872 1002; x_wconf 84' lang='lat' dir='ltr'><strong>dedit</strong></span> <span class='ocrx_word' id='word_1_30' title='bbox 888 934 972 1004; x_wconf 89' lang='lat' dir='ltr'><strong>olim</strong></span> 
     </span>
    </p>

    <p class='ocr_par' dir='ltr' id='par_1_6' title="bbox 151 1039 1006 1136">
     <span class='ocr_line' id='line_1_6' title="bbox 151 1039 1006 1136; baseline 0.012 -32"><span class='ocrx_word' id='word_1_31' title='bbox 151 1039 316 1108; x_wconf 89' lang='lat' dir='ltr'><strong>Barbarus</strong></span> <span class='ocrx_word' id='word_1_32' title='bbox 330 1039 483 1126; x_wconf 76' lang='lat' dir='ltr'><strong>incestae,</strong></span> <span class='ocrx_word' id='word_1_33' title='bbox 499 1039 592 1112; x_wconf 89' lang='lat' dir='ltr'><strong>dedit</strong></span> <span class='ocrx_word' id='word_1_34' title='bbox 609 1041 700 1111; x_wconf 89' lang='lat' dir='ltr'><strong>huuc</strong></span> <span class='ocrx_word' id='word_1_35' title='bbox 712 1042 865 1136; x_wconf 82' lang='lat' dir='ltr'><strong>Agrippa</strong></span> <span class='ocrx_word' id='word_1_36' title='bbox 880 1047 1006 1133; x_wconf 91' lang='lat' dir='ltr'><strong>sorori,</strong></span> 
     </span>
    </p>

    <p class='ocr_par' dir='ltr' id='par_1_7' title="bbox 151 1147 1011 1248">
     <span class='ocr_line' id='line_1_7' title="bbox 151 1147 1011 1248; baseline 0.008 -33"><span class='ocrx_word' id='word_1_37' title='bbox 151 1147 343 1216; x_wconf 87' lang='lat' dir='ltr'><strong>Observant</strong></span> <span class='ocrx_word' id='word_1_38' title='bbox 356 1149 415 1219; x_wconf 94' lang='lat' dir='ltr'><strong>ubi</strong></span> <span class='ocrx_word' id='word_1_39' title='bbox 429 1147 515 1219; x_wconf 83' lang='lat' dir='ltr'><strong>lesta</strong></span> <span class='ocrx_word' id='word_1_40' title='bbox 530 1172 625 1219; x_wconf 91' lang='lat' dir='ltr'><strong>mero</strong></span> <span class='ocrx_word' id='word_1_41' title='bbox 642 1149 729 1245; x_wconf 88' lang='lat' dir='ltr'><strong>pede</strong></span> <span class='ocrx_word' id='word_1_42' title='bbox 746 1152 881 1220; x_wconf 88' lang='lat' dir='ltr'><strong>sabbata</strong></span> <span class='ocrx_word' id='word_1_43' title='bbox 900 1177 1011 1248; x_wconf 88' lang='lat' dir='ltr'><strong>reges,</strong></span> 
     </span>
    </p>

    <p class='ocr_par' dir='ltr' id='par_1_8' title="bbox 150 1258 1218 1464">
     <span class='ocr_line' id='line_1_8' title="bbox 150 1258 1218 1355; baseline 0.009 -30"><span class='ocrx_word' id='word_1_44' title='bbox 150 1258 194 1325; x_wconf 89' lang='lat' dir='ltr'><strong>Et</strong></span> <span class='ocrx_word' id='word_1_45' title='bbox 210 1273 307 1328; x_wconf 89' lang='lat' dir='ltr'><strong>vetus</strong></span> <span class='ocrx_word' id='word_1_46' title='bbox 321 1258 473 1352; x_wconf 79' lang='lat' dir='ltr'><strong>indulget</strong></span> <span class='ocrx_word' id='word_1_47' title='bbox 489 1260 622 1328; x_wconf 85' lang='lat' dir='ltr'><strong>senibus</strong></span> <span class='ocrx_word' id='word_1_48' title='bbox 637 1258 814 1329; x_wconf 85' lang='lat' dir='ltr'><strong>clementia</strong></span> <span class='ocrx_word' id='word_1_49' title='bbox 827 1262 954 1355; x_wconf 90' lang='lat' dir='ltr'><strong>porcis.</strong></span> <span class='ocrx_word' id='word_1_50' title='bbox 1168 1283 1218 1336; x_wconf 76' lang='lat' dir='ltr'><strong>roo</strong></span> 
     </span>
     <span class='ocr_line' id='line_1_9' title="bbox 199 1362 1056 1464; baseline 0.008 -29"><span class='ocrx_word' id='word_1_51' title='bbox 199 1367 346 1439; x_wconf 87' lang='lat' dir='ltr'><strong>Nullane</strong></span> <span class='ocrx_word' id='word_1_52' title='bbox 363 1367 405 1436; x_wconf 93' lang='lat' dir='ltr'><strong>de</strong></span> <span class='ocrx_word' id='word_1_53' title='bbox 420 1362 519 1437; x_wconf 88' lang='lat' dir='ltr'><strong>tantis</strong></span> <span class='ocrx_word' id='word_1_54' title='bbox 534 1369 692 1462; x_wconf 84' lang='lat' dir='ltr'><strong>gregibus</strong></span> <span class='ocrx_word' id='word_1_55' title='bbox 708 1370 768 1438; x_wconf 90' lang='lat' dir='ltr'><strong>tibi</strong></span> <span class='ocrx_word' id='word_1_56' title='bbox 784 1369 885 1464; x_wconf 88' lang='lat' dir='ltr'><strong>digua</strong></span> <span class='ocrx_word' id='word_1_57' title='bbox 900 1371 1056 1442; x_wconf 78' lang='lat' dir='ltr'><strong>videtur?</strong></span> 
     </span>
    </p>

    <p class='ocr_par' dir='ltr' id='par_1_9' title="bbox 152 1475 1043 1566">
     <span class='ocr_line' id='line_1_10' title="bbox 152 1475 1043 1566; baseline 0.009 -22"><span class='ocrx_word' id='word_1_58' title='bbox 152 1475 201 1544; x_wconf 90' lang='lat' dir='ltr'><strong>Sit</strong></span> <span class='ocrx_word' id='word_1_59' title='bbox 214 1475 377 1564; x_wconf 84' lang='lat' dir='ltr'><strong>formosa,</strong></span> <span class='ocrx_word' id='word_1_60' title='bbox 392 1476 531 1563; x_wconf 88' lang='lat' dir='ltr'><strong>decens,</strong></span> <span class='ocrx_word' id='word_1_61' title='bbox 547 1477 655 1564; x_wconf 83' lang='lat' dir='ltr'><strong>dives,</strong></span> <span class='ocrx_word' id='word_1_62' title='bbox 670 1478 831 1566; x_wconf 88' lang='lat' dir='ltr'><strong>fecunda,</strong></span> <span class='ocrx_word' id='word_1_63' title='bbox 847 1489 998 1552; x_wconf 83' lang='lat' dir='ltr'><strong>vetustos</strong></span> <span class='ocrx_word' id='word_1_64' title='bbox 1041 1491 1043 1496; x_wconf 82' lang='grc'>’</span> 
     </span>
    </p>

    <p class='ocr_par' dir='ltr' id='par_1_10' title="bbox 153 1585 902 1679">
     <span class='ocr_line' id='line_1_11' title="bbox 153 1585 902 1679; baseline 0.008 -27"><span class='ocrx_word' id='word_1_65' title='bbox 153 1585 339 1654; x_wconf 89' lang='lat' dir='ltr'><strong>Porticibus</strong></span> <span class='ocrx_word' id='word_1_66' title='bbox 355 1585 511 1679; x_wconf 87' lang='lat' dir='ltr'><strong>disponat</strong></span> <span class='ocrx_word' id='word_1_67' title='bbox 524 1593 617 1671; x_wconf 85' lang='lat' dir='ltr'><strong>avos,</strong></span> <span class='ocrx_word' id='word_1_68' title='bbox 636 1585 795 1656; x_wconf 87' lang='lat' dir='ltr'><strong>intactior</strong></span> <span class='ocrx_word' id='word_1_69' title='bbox 809 1590 902 1658; x_wconf 91' lang='lat' dir='ltr'><strong>omni</strong></span> 
     </span>
    </p>

    <p class='ocr_par' dir='ltr' id='par_1_11' title="bbox 152 1693 971 1794">
     <span class='ocr_line' id='line_1_12' title="bbox 152 1693 971 1794; baseline 0.006 -31"><span class='ocrx_word' id='word_1_70' title='bbox 152 1694 309 1763; x_wconf 86' lang='lat' dir='ltr'><strong>Crinibus</strong></span> <span class='ocrx_word' id='word_1_71' title='bbox 326 1693 445 1764; x_wconf 87' lang='lat' dir='ltr'><strong>effusis</strong></span> <span class='ocrx_word' id='word_1_72' title='bbox 459 1694 584 1765; x_wconf 89' lang='lat' dir='ltr'><strong>bellum</strong></span> <span class='ocrx_word' id='word_1_73' title='bbox 601 1694 781 1768; x_wconf 84' lang='lat' dir='ltr'><strong>dirimente</strong></span> <span class='ocrx_word' id='word_1_74' title='bbox 797 1698 918 1769; x_wconf 86' lang='lat' dir='ltr'><strong>Sabina</strong></span> <span class='ocrx_word' id='word_1_75' title='bbox 958 1759 971 1794; x_wconf 28' lang='grc' dir='ltr'><strong>,Ι</strong></span> 
     </span>
    </p>

    <p class='ocr_par' dir='ltr' id='par_1_12' title="bbox 153 1802 1220 1904">
     <span class='ocr_line' id='line_1_13' title="bbox 153 1802 1220 1904; baseline 0.009 -34"><span class='ocrx_word' id='word_1_76' title='bbox 153 1802 262 1898; x_wconf 81' lang='lat' dir='ltr'><strong>(Rara</strong></span> <span class='ocrx_word' id='word_1_77' title='bbox 275 1803 343 1872; x_wconf 86' lang='lat' dir='ltr'><strong>avis</strong></span> <span class='ocrx_word' id='word_1_78' title='bbox 360 1804 393 1872; x_wconf 93' lang='lat' dir='ltr'><strong>in</strong></span> <span class='ocrx_word' id='word_1_79' title='bbox 408 1805 525 1890; x_wconf 88' lang='lat' dir='ltr'><strong>terris,</strong></span> <span class='ocrx_word' id='word_1_80' title='bbox 540 1805 707 1899; x_wconf 89' lang='lat' dir='ltr'><strong>nigroque</strong></span> <span class='ocrx_word' id='word_1_81' title='bbox 720 1805 887 1878; x_wconf 86' lang='lat' dir='ltr'><strong>simillima</strong></span> <span class='ocrx_word' id='word_1_82' title='bbox 902 1805 1048 1904; x_wconf 84' lang='lat' dir='ltr'><strong>cycno):</strong></span> <span class='ocrx_word' id='word_1_83' title='bbox 1172 1826 1220 1880; x_wconf 82' lang='lat'><strong>165</strong></span> 
     </span>
    </p>

    <p class='ocr_par' dir='ltr' id='par_1_13' title="bbox 122 1911 1027 2004">
     <span class='ocr_line' id='line_1_14' title="bbox 122 1911 1027 2004; baseline 0.009 -26"><span class='ocrx_word' id='word_1_84' title='bbox 122 1951 125 1955; x_wconf 29' lang='grc' dir='ltr'>ψ</span> <span class='ocrx_word' id='word_1_85' title='bbox 152 1911 236 1998; x_wconf 88' lang='lat' dir='ltr'><strong>Quis</strong></span> <span class='ocrx_word' id='word_1_86' title='bbox 252 1912 341 1983; x_wconf 87' lang='lat' dir='ltr'><strong>feret</strong></span> <span class='ocrx_word' id='word_1_87' title='bbox 356 1937 514 2000; x_wconf 82' lang='lat' dir='ltr'><strong>uxorein,</strong></span> <span class='ocrx_word' id='word_1_88' title='bbox 528 1915 582 1982; x_wconf 89' lang='lat' dir='ltr'><strong>cui</strong></span> <span class='ocrx_word' id='word_1_89' title='bbox 597 1929 752 1986; x_wconf 89' lang='lat' dir='ltr'><strong>constant</strong></span> <span class='ocrx_word' id='word_1_90' title='bbox 766 1916 899 1986; x_wconf 82' lang='lat' dir='ltr'><strong>omnia?</strong></span> <span class='ocrx_word' id='word_1_91' title='bbox 916 1917 1027 2004; x_wconf 88' lang='lat' dir='ltr'><strong>Malo,</strong></span> 
     </span>
    </p>

    <p class='ocr_par' dir='ltr' id='par_1_14' title="bbox 153 2020 980 2116">
     <span class='ocr_line' id='line_1_15' title="bbox 153 2020 980 2116; baseline 0.007 -28"><span class='ocrx_word' id='word_1_92' title='bbox 153 2020 245 2088; x_wconf 87' lang='lat' dir='ltr'><strong>Malo</strong></span> <span class='ocrx_word' id='word_1_93' title='bbox 261 2022 486 2108; x_wconf 85' lang='lat' dir='ltr'><strong>Venusinam,</strong></span> <span class='ocrx_word' id='word_1_94' title='bbox 502 2047 603 2116; x_wconf 89' lang='lat' dir='ltr'><strong>quarn</strong></span> <span class='ocrx_word' id='word_1_95' title='bbox 618 2035 669 2110; x_wconf 85' lang='lat' dir='ltr'><strong>te&#39;,</strong></span> <span class='ocrx_word' id='word_1_96' title='bbox 681 2025 855 2113; x_wconf 85' lang='lat' dir='ltr'><strong>Cornelia,</strong></span> <span class='ocrx_word' id='word_1_97' title='bbox 872 2042 980 2098; x_wconf 85' lang='lat' dir='ltr'><strong>mater</strong></span> 
     </span>
    </p>
   </div>
   <div class='ocr_carea' id='block_1_3' title="bbox 151 2133 1129 2341">
    <p class='ocr_par' dir='ltr' id='par_1_15' title="bbox 151 2133 1129 2341">
     <span class='ocr_line' id='line_1_16' title="bbox 153 2133 998 2228; baseline 0.008 -29"><span class='ocrx_word' id='word_1_98' title='bbox 153 2133 403 2219; x_wconf 85' lang='lat' dir='ltr'><strong>Gracchorum,</strong></span> <span class='ocrx_word' id='word_1_99' title='bbox 421 2135 448 2204; x_wconf 89' lang='lat' dir='ltr'><strong>si</strong></span> <span class='ocrx_word' id='word_1_100' title='bbox 463 2159 540 2203; x_wconf 90' lang='lat' dir='ltr'><strong>cum</strong></span> <span class='ocrx_word' id='word_1_101' title='bbox 555 2135 686 2228; x_wconf 88' lang='lat' dir='ltr'><strong>magnis</strong></span> <span class='ocrx_word' id='word_1_102' title='bbox 700 2136 880 2206; x_wconf 89' lang='lat' dir='ltr'><strong>virtutibus</strong></span> <span class='ocrx_word' id='word_1_103' title='bbox 894 2135 998 2212; x_wconf 81' lang='lat' dir='ltr'><strong>affers</strong></span> 
     </span>
     <span class='ocr_line' id='line_1_17' title="bbox 151 2242 1129 2341; baseline 0.002 -29"><span class='ocrx_word' id='word_1_104' title='bbox 151 2242 290 2313; x_wconf 87' lang='lat' dir='ltr'><strong>Grande</strong></span> <span class='ocrx_word' id='word_1_105' title='bbox 304 2243 538 2338; x_wconf 87' lang='lat' dir='ltr'><strong>supercilium,</strong></span> <span class='ocrx_word' id='word_1_106' title='bbox 553 2259 589 2316; x_wconf 89' lang='lat' dir='ltr'><strong>ct</strong></span> <span class='ocrx_word' id='word_1_107' title='bbox 603 2269 762 2317; x_wconf 87' lang='lat' dir='ltr'><strong>numeras</strong></span> <span class='ocrx_word' id='word_1_108' title='bbox 779 2248 815 2314; x_wconf 92' lang='lat' dir='ltr'><strong>in</strong></span> <span class='ocrx_word' id='word_1_109' title='bbox 833 2247 911 2315; x_wconf 91' lang='lat' dir='ltr'><strong>dote</strong></span> <span class='ocrx_word' id='word_1_110' title='bbox 927 2246 1129 2341; x_wconf 89' lang='lat' dir='ltr'><strong>triumphos.</strong></span> 
     </span>
    </p>
   </div>
   <div class='ocr_carea' id='block_1_4' title="bbox 120 2455 1225 4207">
    <p class='ocr_par' dir='ltr' id='par_1_16' title="bbox 120 2455 1224 3191">
     <span class='ocr_line' id='line_1_18' title="bbox 120 2455 1223 2544; baseline 0.002 -18"><span class='ocrx_word' id='word_1_111' title='bbox 120 2455 126 2476; x_wconf 62' lang='lat'>⁸</span> <span class='ocrx_word' id='word_1_112' title='bbox 150 2467 186 2527; x_wconf 87' lang='lat' dir='ltr'><strong>ad</strong></span> <span class='ocrx_word' id='word_1_113' title='bbox 206 2468 402 2544; x_wconf 82' lang='lat' dir='ltr'><strong>navigandum</strong></span> <span class='ocrx_word' id='word_1_114' title='bbox 421 2477 522 2524; x_wconf 85' lang='lat' dir='ltr'><strong>nautas</strong></span> <span class='ocrx_word' id='word_1_115' title='bbox 542 2465 687 2540; x_wconf 86' lang='lat' dir='ltr'><strong>retinent,</strong></span> <span class='ocrx_word' id='word_1_116' title='bbox 707 2467 756 2524; x_wconf 90' lang='lat' dir='ltr'><strong>illa</strong></span> <span class='ocrx_word' id='word_1_117' title='bbox 772 2479 868 2525; x_wconf 83' lang='lat' dir='ltr'><strong>tamen</strong></span> <span class='ocrx_word' id='word_1_118' title='bbox 885 2468 964 2544; x_wconf 82' lang='lat' dir='ltr'><strong>cogit</strong></span> <span class='ocrx_word' id='word_1_119' title='bbox 982 2469 1118 2526; x_wconf 88' lang='lat' dir='ltr'><strong>maritum</strong></span> <span class='ocrx_word' id='word_1_120' title='bbox 1138 2489 1173 2526; x_wconf 92' lang='lat' dir='ltr'><strong>eo</strong></span> <span class='ocrx_word' id='word_1_121' title='bbox 1194 2491 1223 2528; x_wconf 84' lang='lat' dir='ltr'><strong>se</strong></span> 
     </span>
     <span class='ocr_line' id='line_1_19' title="bbox 152 2559 1223 2642; baseline 0.006 -28"><span class='ocrx_word' id='word_1_122' title='bbox 152 2560 299 2631; x_wconf 78' lang='lat' dir='ltr'><strong>conferre,</strong></span> <span class='ocrx_word' id='word_1_123' title='bbox 317 2571 350 2614; x_wconf 92' lang='lat' dir='ltr'><strong>ut</strong></span> <span class='ocrx_word' id='word_1_124' title='bbox 364 2579 430 2614; x_wconf 79' lang='lat' dir='ltr'><strong>vasa</strong></span> <span class='ocrx_word' id='word_1_125' title='bbox 448 2579 463 2615; x_wconf 91' lang='lat' dir='ltr'><strong>e</strong></span> <span class='ocrx_word' id='word_1_126' title='bbox 481 2560 615 2635; x_wconf 79' lang='lat' dir='ltr'><strong>crystallo</strong></span> <span class='ocrx_word' id='word_1_127' title='bbox 633 2559 760 2635; x_wconf 77' lang='lat' dir='ltr'><strong>ingentia</strong></span> <span class='ocrx_word' id='word_1_128' title='bbox 777 2573 931 2632; x_wconf 84' lang='lat' dir='ltr'><strong>mercetur,</strong></span> <span class='ocrx_word' id='word_1_129' title='bbox 948 2583 981 2618; x_wconf 91' lang='lat' dir='ltr'><strong>ac</strong></span> <span class='ocrx_word' id='word_1_130' title='bbox 995 2563 1113 2642; x_wconf 84' lang='lat' dir='ltr'><strong>domurn</strong></span> <span class='ocrx_word' id='word_1_131' title='bbox 1132 2562 1223 2634; x_wconf 79' lang='lat' dir='ltr'><strong>ferat3</strong></span> 
     </span>
     <span class='ocr_line' id='line_1_20' title="bbox 152 2651 1223 2730; baseline 0.004 -22"><span class='ocrx_word' id='word_1_132' title='bbox 152 2670 218 2728; x_wconf 83' lang='lat' dir='ltr'><strong>mox</strong></span> <span class='ocrx_word' id='word_1_133' title='bbox 229 2651 335 2726; x_wconf 88' lang='lat' dir='ltr'><strong>pocula</strong></span> <span class='ocrx_word' id='word_1_134' title='bbox 346 2651 512 2722; x_wconf 82' lang='lat' dir='ltr'><strong>murrhina,</strong></span> <span class='ocrx_word' id='word_1_135' title='bbox 522 2663 584 2707; x_wconf 88' lang='lat' dir='ltr'><strong>tum</strong></span> <span class='ocrx_word' id='word_1_136' title='bbox 592 2651 1024 2726; x_wconf 33' lang='lat' dir='ltr'><strong>,adamantem&#39;celeberrimutm</strong></span> <span class='ocrx_word' id='word_1_137' title='bbox 1042 2655 1089 2710; x_wconf 91' lang='lat' dir='ltr'><strong>cui</strong></span> <span class='ocrx_word' id='word_1_138' title='bbox 1098 2657 1223 2730; x_wconf 84' lang='lat' dir='ltr'><strong>pretium</strong></span> 
     </span>
     <span class='ocr_line' id='line_1_21' title="bbox 152 2742 1223 2819; baseline 0.007 -22"><span class='ocrx_word' id='word_1_139' title='bbox 152 2742 218 2800; x_wconf 81' lang='lat' dir='ltr'><strong>lecit</strong></span> <span class='ocrx_word' id='word_1_140' title='bbox 235 2742 393 2813; x_wconf 79' lang='lat' dir='ltr'><strong>Berenice,</strong></span> <span class='ocrx_word' id='word_1_141' title='bbox 416 2743 496 2818; x_wconf 79' lang='lat' dir='ltr'><strong>cujus</strong></span> <span class='ocrx_word' id='word_1_142' title='bbox 513 2743 607 2819; x_wconf 88' lang='lat' dir='ltr'><strong>digito</strong></span> <span class='ocrx_word' id='word_1_143' title='bbox 629 2743 682 2804; x_wconf 82' lang='lat' dir='ltr'><strong>iste</strong></span> <span class='ocrx_word' id='word_1_144' title='bbox 704 2744 817 2804; x_wconf 82' lang='lat' dir='ltr'><strong>adamas</strong></span> <span class='ocrx_word' id='word_1_145' title='bbox 836 2746 964 2804; x_wconf 85' lang='lat' dir='ltr'><strong>&#39;insertus</strong></span> <span class='ocrx_word' id='word_1_146' title='bbox 983 2746 1049 2812; x_wconf 72' lang='lat' dir='ltr'><strong>fuit.</strong></span> <span class='ocrx_word' id='word_1_147' title='bbox 1075 2749 1223 2804; x_wconf 79' lang='lat' dir='ltr'><strong>Annulum</strong></span> 
     </span>
     <span class='ocr_line' id='line_1_22' title="bbox 153 2835 1222 2912; baseline 0.004 -20"><span class='ocrx_word' id='word_1_148' title='bbox 153 2837 229 2892; x_wconf 88' lang='lat' dir='ltr'><strong>bunc</strong></span> <span class='ocrx_word' id='word_1_149' title='bbox 242 2836 528 2912; x_wconf 81' lang='lat' dir='ltr'><strong>barbams&#39;Agrippa</strong></span> <span class='ocrx_word' id='word_1_150' title='bbox 541 2835 639 2910; x_wconf 87' lang='lat' dir='ltr'><strong>dedit,</strong></span> <span class='ocrx_word' id='word_1_151' title='bbox 651 2835 747 2907; x_wconf 88' lang='lat' dir='ltr'><strong>dedit,</strong></span> <span class='ocrx_word' id='word_1_152' title='bbox 762 2837 896 2912; x_wconf 87' lang='lat' dir='ltr'><strong>inquam,</strong></span> <span class='ocrx_word' id='word_1_153' title='bbox 913 2837 1026 2897; x_wconf 83' lang='lat' dir='ltr'><strong>incestae</strong></span> <span class='ocrx_word' id='word_1_154' title='bbox 1039 2839 1134 2898; x_wconf 83' lang='lat' dir='ltr'><strong>sorori</strong></span> <span class='ocrx_word' id='word_1_155' title='bbox 1148 2839 1178 2896; x_wconf 89' lang='lat' dir='ltr'><strong>in</strong></span> <span class='ocrx_word' id='word_1_156' title='bbox 1192 2860 1222 2896; x_wconf 84' lang='lat' dir='ltr'><strong>ea</strong></span> 
     </span>
     <span class='ocr_line' id='line_1_23' title="bbox 153 2927 1224 3006; baseline 0.006 -22"><span class='ocrx_word' id='word_1_157' title='bbox 153 2929 289 3005; x_wconf 81' lang='lat' dir='ltr'><strong>regione,</strong></span> <span class='ocrx_word' id='word_1_158' title='bbox 306 2927 358 2986; x_wconf 91' lang='lat' dir='ltr'><strong>ubi</strong></span> <span class='ocrx_word' id='word_1_159' title='bbox 376 2927 465 2986; x_wconf 81' lang='lat' dir='ltr'><strong>lestis</strong></span> <span class='ocrx_word' id='word_1_160' title='bbox 475 2928 576 2987; x_wconf 85' lang='lat' dir='ltr'><strong>diebus</strong></span> <span class='ocrx_word' id='word_1_161' title='bbox 596 2939 741 3004; x_wconf 90' lang='lat' dir='ltr'><strong>coguntur</strong></span> <span class='ocrx_word' id='word_1_162' title='bbox 757 2931 803 2989; x_wconf 83' lang='lat' dir='ltr'><strong>vel</strong></span> <span class='ocrx_word' id='word_1_163' title='bbox 821 2930 876 3004; x_wconf 90' lang='lat' dir='ltr'><strong>ipsi</strong></span> <span class='ocrx_word' id='word_1_164' title='bbox 893 2949 978 3006; x_wconf 78' lang='lat' dir='ltr'><strong>reges</strong></span> <span class='ocrx_word' id='word_1_165' title='bbox 994 2931 1120 3005; x_wconf 72' lang='lat' dir='ltr'><strong>,pedibus</strong></span> <span class='ocrx_word' id='word_1_166' title='bbox 1138 2933 1224 2990; x_wconf 85' lang='lat' dir='ltr'><strong>nudis</strong></span> 
     </span>
     <span class='ocr_line' id='line_1_24' title="bbox 153 3020 1224 3100; baseline 0.006 -24"><span class='ocrx_word' id='word_1_167' title='bbox 153 3021 268 3097; x_wconf 84' lang='lat' dir='ltr'><strong>ingredi</strong></span> <span class='ocrx_word' id='word_1_168' title='bbox 283 3020 322 3076; x_wconf 86' lang='lat' dir='ltr'><strong>ad</strong></span> <span class='ocrx_word' id='word_1_169' title='bbox 336 3020 506 3077; x_wconf 84' lang='lat' dir='ltr'><strong>celebranda</strong></span> <span class='ocrx_word' id='word_1_170' title='bbox 522 3020 655 3089; x_wconf 86' lang='lat' dir='ltr'><strong>sabbata,</strong></span> <span class='ocrx_word' id='word_1_171' title='bbox 679 3032 708 3078; x_wconf 88' lang='lat' dir='ltr'><strong>ct</strong></span> <span class='ocrx_word' id='word_1_172' title='bbox 724 3022 817 3080; x_wconf 81' lang='lat' dir='ltr'><strong>veteri</strong></span> <span class='ocrx_word' id='word_1_173' title='bbox 839 3023 971 3084; x_wconf 85' lang='lat' dir='ltr'><strong>instituto</strong></span> <span class='ocrx_word' id='word_1_174' title='bbox 992 3043 1025 3080; x_wconf 90' lang='lat' dir='ltr'><strong>ac</strong></span> <span class='ocrx_word' id='word_1_175' title='bbox 1048 3024 1224 3100; x_wconf 85' lang='lat' dir='ltr'><strong>benignitate</strong></span> 
     </span>
     <span class='ocr_line' id='line_1_25' title="bbox 152 3112 1107 3191; baseline 0 -21"><span class='ocrx_word' id='word_1_176' title='bbox 152 3116 244 3191; x_wconf 85' lang='lat' dir='ltr'><strong>gentis</strong></span> <span class='ocrx_word' id='word_1_177' title='bbox 258 3115 393 3170; x_wconf 85' lang='lat' dir='ltr'><strong>sinuntur</strong></span> <span class='ocrx_word' id='word_1_178' title='bbox 406 3112 489 3187; x_wconf 91' lang='lat' dir='ltr'><strong>porci</strong></span> <span class='ocrx_word' id='word_1_179' title='bbox 503 3113 541 3169; x_wconf 85' lang='lat' dir='ltr'><strong>ad</strong></span> <span class='ocrx_word' id='word_1_180' title='bbox 554 3131 693 3170; x_wconf 87' lang='lat' dir='ltr'><strong>summam</strong></span> <span class='ocrx_word' id='word_1_181' title='bbox 707 3131 797 3187; x_wconf 85' lang='lat' dir='ltr'><strong>usque</strong></span> <span class='ocrx_word' id='word_1_182' title='bbox 812 3126 986 3173; x_wconf 86' lang='lat' dir='ltr'><strong>senectutem</strong></span> <span class='ocrx_word' id='word_1_183' title='bbox 1000 3115 1107 3174; x_wconf 81' lang='lat' dir='ltr'><strong>vivere.</strong></span> 
     </span>
    </p>

    <p class='ocr_par' dir='ltr' id='par_1_17' title="bbox 149 3204 1225 4207">
     <span class='ocr_line' id='line_1_26' title="bbox 193 3204 1224 3280; baseline 0.004 -18"><span class='ocrx_word' id='word_1_184' title='bbox 193 3206 261 3262; x_wconf 81' lang='lat'>161.</span> <span class='ocrx_word' id='word_1_185' title='bbox 283 3205 364 3276; x_wconf 90' lang='lat' dir='ltr'><strong>Quid</strong></span> <span class='ocrx_word' id='word_1_186' title='bbox 376 3204 481 3280; x_wconf 86' lang='lat' dir='ltr'><strong>igitur,</strong></span> <span class='ocrx_word' id='word_1_187' title='bbox 497 3223 515 3260; x_wconf 95' lang='grc' dir='ltr'><strong>ο</strong></span> <span class='ocrx_word' id='word_1_188' title='bbox 527 3205 689 3272; x_wconf 84' lang='lat' dir='ltr'><strong>luvenalis,</strong></span> <span class='ocrx_word' id='word_1_189' title='bbox 705 3206 782 3262; x_wconf 89' lang='lat' dir='ltr'><strong>nulla</strong></span> <span class='ocrx_word' id='word_1_190' title='bbox 796 3205 880 3266; x_wconf 80' lang='lat' dir='ltr'><strong>tibia</strong></span> <span class='ocrx_word' id='word_1_191' title='bbox 894 3219 973 3264; x_wconf 85' lang='lat' dir='ltr'><strong>tanto</strong></span> <span class='ocrx_word' id='word_1_192' title='bbox 990 3226 1112 3266; x_wconf 85' lang='lat' dir='ltr'><strong>numero</strong></span> <span class='ocrx_word' id='word_1_193' title='bbox 1124 3210 1224 3266; x_wconf 87' lang='lat' dir='ltr'><strong>mulie-</strong></span> 
     </span>
     <span class='ocr_line' id='line_1_27' title="bbox 153 3285 1225 3372; baseline 0.002 -18"><span class='ocrx_word' id='word_1_194' title='bbox 153 3317 218 3354; x_wconf 85' lang='lat' dir='ltr'><strong>rum</strong></span> <span class='ocrx_word' id='word_1_195' title='bbox 231 3296 350 3353; x_wconf 83' lang='lat' dir='ltr'><strong>videtnr</strong></span> <span class='ocrx_word' id='word_1_196' title='bbox 364 3296 469 3372; x_wconf 87' lang='lat' dir='ltr'><strong>digna,</strong></span> <span class='ocrx_word' id='word_1_197' title='bbox 486 3314 572 3369; x_wconf 89' lang='lat' dir='ltr'><strong>quam</strong></span> <span class='ocrx_word' id='word_1_198' title='bbox 587 3285 710 3352; x_wconf 78' lang='lat' dir='ltr'><strong>ducatui</strong></span> <span class='ocrx_word' id='word_1_199' title='bbox 727 3325 768 3338; x_wconf 88' lang='lat'>-</span> <span class='ocrx_word' id='word_1_200' title='bbox 785 3298 831 3354; x_wconf 86' lang='lat' dir='ltr'><strong>Tu</strong></span> <span class='ocrx_word' id='word_1_201' title='bbox 846 3317 933 3368; x_wconf 86' lang='lat' dir='ltr'><strong>vero,</strong></span> <span class='ocrx_word' id='word_1_202' title='bbox 952 3317 1005 3372; x_wconf 87' lang='lat' dir='ltr'><strong>per</strong></span> <span class='ocrx_word' id='word_1_203' title='bbox 1018 3315 1065 3357; x_wconf 86' lang='lat' dir='ltr'><strong>mc</strong></span> <span class='ocrx_word' id='word_1_204' title='bbox 1080 3300 1145 3357; x_wconf 88' lang='lat' dir='ltr'><strong>licet</strong></span> <span class='ocrx_word' id='word_1_205' title='bbox 1163 3301 1225 3356; x_wconf 87' lang='lat' dir='ltr'><strong>for-</strong></span> 
     </span>
     <span class='ocr_line' id='line_1_28' title="bbox 151 3386 1224 3467; baseline 0.004 -23"><span class='ocrx_word' id='word_1_206' title='bbox 151 3406 261 3446; x_wconf 85' lang='lat' dir='ltr'><strong>mosam</strong></span> <span class='ocrx_word' id='word_1_207' title='bbox 276 3389 401 3464; x_wconf 88' lang='lat' dir='ltr'><strong>aliquam</strong></span> <span class='ocrx_word' id='word_1_208' title='bbox 413 3388 555 3462; x_wconf 84' lang='lat' dir='ltr'><strong>reperias,</strong></span> <span class='ocrx_word' id='word_1_209' title='bbox 571 3386 709 3457; x_wconf 81' lang='lat' dir='ltr'><strong>divitem,</strong></span> <span class='ocrx_word' id='word_1_210' title='bbox 724 3388 895 3458; x_wconf 85' lang='lat' dir='ltr'><strong>secundam,</strong></span> <span class='ocrx_word' id='word_1_211' title='bbox 916 3390 1062 3461; x_wconf 84' lang='lat' dir='ltr'><strong>nobilem,</strong></span> <span class='ocrx_word' id='word_1_212' title='bbox 1082 3412 1145 3467; x_wconf 76' lang='lat' dir='ltr'><strong>qua</strong></span> <span class='ocrx_word' id='word_1_213' title='bbox 1162 3413 1224 3448; x_wconf 89' lang='lat' dir='ltr'><strong>ma-</strong></span> 
     </span>
     <span class='ocr_line' id='line_1_29' title="bbox 149 3479 1223 3558; baseline 0.001 -19"><span class='ocrx_word' id='word_1_214' title='bbox 149 3482 250 3556; x_wconf 83' lang='lat' dir='ltr'><strong>jorum</strong></span> <span class='ocrx_word' id='word_1_215' title='bbox 265 3482 405 3558; x_wconf 80' lang='lat' dir='ltr'><strong>imagines</strong></span> <span class='ocrx_word' id='word_1_216' title='bbox 420 3481 451 3536; x_wconf 90' lang='lat' dir='ltr'><strong>in</strong></span> <span class='ocrx_word' id='word_1_217' title='bbox 467 3481 544 3537; x_wconf 80' lang='lat' dir='ltr'><strong>atrio</strong></span> <span class='ocrx_word' id='word_1_218' title='bbox 561 3479 712 3554; x_wconf 81' lang='lat' dir='ltr'><strong>dispositas</strong></span> <span class='ocrx_word' id='word_1_219' title='bbox 730 3491 872 3551; x_wconf 76' lang='lat' dir='ltr'><strong>ostentet3</strong></span> <span class='ocrx_word' id='word_1_220' title='bbox 890 3481 1042 3556; x_wconf 80' lang='lat' dir='ltr'><strong>pudicam,</strong></span> <span class='ocrx_word' id='word_1_221' title='bbox 1066 3503 1129 3558; x_wconf 80' lang='lat' dir='ltr'><strong>qnae</strong></span> <span class='ocrx_word' id='word_1_222' title='bbox 1149 3484 1223 3558; x_wconf 83' lang='lat' dir='ltr'><strong>ipsas</strong></span> 
     </span>
     <span class='ocr_line' id='line_1_30' title="bbox 151 3571 1223 3650; baseline 0.001 -20"><span class='ocrx_word' id='word_1_223' title='bbox 151 3575 238 3630; x_wconf 80' lang='lat' dir='ltr'><strong>etiam</strong></span> <span class='ocrx_word' id='word_1_224' title='bbox 252 3572 419 3630; x_wconf 85' lang='lat' dir='ltr'><strong>castimonia</strong></span> <span class='ocrx_word' id='word_1_225' title='bbox 435 3573 530 3628; x_wconf 80' lang='lat' dir='ltr'><strong>vincat</strong></span> <span class='ocrx_word' id='word_1_226' title='bbox 548 3571 684 3650; x_wconf 72' lang='lat' dir='ltr'><strong>Sabinos,</strong></span> <span class='ocrx_word' id='word_1_227' title='bbox 703 3591 823 3646; x_wconf 83' lang='lat' dir='ltr'><strong>qrrarnm</strong></span> <span class='ocrx_word' id='word_1_228' title='bbox 843 3593 931 3648; x_wconf 83' lang='lat' dir='ltr'><strong>opera</strong></span> <span class='ocrx_word' id='word_1_229' title='bbox 948 3585 978 3633; x_wconf 85' lang='lat' dir='ltr'><strong>et</strong></span> <span class='ocrx_word' id='word_1_230' title='bbox 992 3575 1119 3632; x_wconf 88' lang='lat' dir='ltr'><strong>crinibus</strong></span> <span class='ocrx_word' id='word_1_231' title='bbox 1137 3576 1223 3650; x_wconf 86' lang='lat' dir='ltr'><strong>passis</strong></span> 
     </span>
     <span class='ocr_line' id='line_1_31' title="bbox 152 3664 1223 3741; baseline -0.001 -17"><span class='ocrx_word' id='word_1_232' title='bbox 152 3667 260 3724; x_wconf 83' lang='lat' dir='ltr'><strong>bellum</strong></span> <span class='ocrx_word' id='word_1_233' title='bbox 278 3679 362 3724; x_wconf 86' lang='lat' dir='ltr'><strong>atrox</strong></span> <span class='ocrx_word' id='word_1_234' title='bbox 381 3666 572 3741; x_wconf 85' lang='lat' dir='ltr'><strong>compositum</strong></span> <span class='ocrx_word' id='word_1_235' title='bbox 590 3666 661 3722; x_wconf 91' lang='lat' dir='ltr'><strong>olim</strong></span> <span class='ocrx_word' id='word_1_236' title='bbox 678 3664 758 3722; x_wconf 80' lang='lat' dir='ltr'><strong>fuit:</strong></span> <span class='ocrx_word' id='word_1_237' title='bbox 782 3684 851 3739; x_wconf 86' lang='lat' dir='ltr'><strong>quaa</strong></span> <span class='ocrx_word' id='word_1_238' title='bbox 872 3665 954 3724; x_wconf 88' lang='lat' dir='ltr'><strong>dotes</strong></span> <span class='ocrx_word' id='word_1_239' title='bbox 973 3667 1004 3725; x_wconf 91' lang='lat' dir='ltr'><strong>in</strong></span> <span class='ocrx_word' id='word_1_240' title='bbox 1021 3685 1079 3729; x_wconf 78' lang='lat' dir='ltr'><strong>una</strong></span> <span class='ocrx_word' id='word_1_241' title='bbox 1092 3668 1223 3727; x_wconf 83' lang='lat' dir='ltr'><strong>collectas</strong></span> 
     </span>
     <span class='ocr_line' id='line_1_32' title="bbox 153 3755 1222 3834; baseline 0 -18"><span class='ocrx_word' id='word_1_242' title='bbox 153 3760 255 3816; x_wconf 74' lang='lat' dir='ltr'><strong>semina</strong></span> <span class='ocrx_word' id='word_1_243' title='bbox 267 3773 331 3816; x_wconf 83' lang='lat' dir='ltr'><strong>tam</strong></span> <span class='ocrx_word' id='word_1_244' title='bbox 342 3776 441 3814; x_wconf 85' lang='lat' dir='ltr'><strong>rarum</strong></span> <span class='ocrx_word' id='word_1_245' title='bbox 452 3771 506 3826; x_wconf 78' lang='lat' dir='ltr'><strong>est,</strong></span> <span class='ocrx_word' id='word_1_246' title='bbox 518 3777 606 3834; x_wconf 80' lang='lat' dir='ltr'><strong>quom</strong></span> <span class='ocrx_word' id='word_1_247' title='bbox 614 3755 791 3832; x_wconf 76' lang='lat' dir='ltr'><strong>phoenicem,</strong></span> <span class='ocrx_word' id='word_1_248' title='bbox 804 3771 857 3812; x_wconf 82' lang='lat' dir='ltr'><strong>aut</strong></span> <span class='ocrx_word' id='word_1_249' title='bbox 866 3759 982 3833; x_wconf 73' lang='lat' dir='ltr'><strong>nigrm</strong></span> <span class='ocrx_word' id='word_1_250' title='bbox 993 3777 1114 3831; x_wconf 57' lang='lat' dir='ltr'><strong>egenum</strong></span> <span class='ocrx_word' id='word_1_251' title='bbox 1126 3760 1156 3814; x_wconf 86' lang='lat' dir='ltr'><strong>in</strong></span> <span class='ocrx_word' id='word_1_252' title='bbox 1169 3772 1222 3816; x_wconf 66' lang='lat' dir='ltr'><strong>ter</strong></span> 
     </span>
     <span class='ocr_line' id='line_1_33' title="bbox 152 3848 1222 3924; baseline -0.003 -15"><span class='ocrx_word' id='word_1_253' title='bbox 152 3855 191 3909; x_wconf 84' lang='lat' dir='ltr'><strong>rr&#39;s</strong></span> <span class='ocrx_word' id='word_1_254' title='bbox 207 3855 342 3909; x_wconf 79' lang='lat' dir='ltr'><strong>iuvenire.</strong></span> <span class='ocrx_word' id='word_1_255' title='bbox 355 3853 436 3908; x_wconf 84' lang='lat' dir='ltr'><strong>Hanc</strong></span> <span class='ocrx_word' id='word_1_256' title='bbox 448 3863 560 3922; x_wconf 85' lang='lat' dir='ltr'><strong>tamen,</strong></span> <span class='ocrx_word' id='word_1_257' title='bbox 578 3869 641 3924; x_wconf 73' lang='lat' dir='ltr'><strong>que</strong></span> <span class='ocrx_word' id='word_1_258' title='bbox 647 3850 714 3908; x_wconf 80' lang='lat' dir='ltr'><strong>istis</strong></span> <span class='ocrx_word' id='word_1_259' title='bbox 726 3849 860 3906; x_wconf 84' lang='lat' dir='ltr'><strong>omnibus</strong></span> <span class='ocrx_word' id='word_1_260' title='bbox 874 3848 998 3924; x_wconf 76' lang='lat' dir='ltr'><strong>praedita,</strong></span> <span class='ocrx_word' id='word_1_261' title='bbox 1005 3850 1056 3918; x_wconf 84' lang='lat' dir='ltr'><strong>sit,</strong></span> <span class='ocrx_word' id='word_1_262' title='bbox 1071 3849 1110 3912; x_wconf 90' lang='lat' dir='ltr'><strong>ob</strong></span> <span class='ocrx_word' id='word_1_263' title='bbox 1124 3851 1222 3908; x_wconf 85' lang='lat' dir='ltr'><strong>eadem</strong></span> 
     </span>
     <span class='ocr_line' id='line_1_34' title="bbox 154 3943 1221 4022; baseline 0 -20"><span class='ocrx_word' id='word_1_264' title='bbox 154 3945 206 4002; x_wconf 81' lang='lat' dir='ltr'><strong>ista</strong></span> <span class='ocrx_word' id='word_1_265' title='bbox 221 3945 335 4022; x_wconf 86' lang='lat' dir='ltr'><strong>egregia</strong></span> <span class='ocrx_word' id='word_1_266' title='bbox 350 3963 425 4019; x_wconf 88' lang='lat' dir='ltr'><strong>nego</strong></span> <span class='ocrx_word' id='word_1_267' title='bbox 440 3944 557 4000; x_wconf 87' lang='lat' dir='ltr'><strong>tolerari</strong></span> <span class='ocrx_word' id='word_1_268' title='bbox 569 3945 652 4017; x_wconf 79' lang='lat' dir='ltr'><strong>posse</strong></span> <span class='ocrx_word' id='word_1_269' title='bbox 667 3966 675 3999; x_wconf 75' lang='lat' dir='ltr'><strong>r</strong></span> <span class='ocrx_word' id='word_1_270' title='bbox 691 3943 787 3999; x_wconf 88' lang='lat' dir='ltr'><strong>malim</strong></span> <span class='ocrx_word' id='word_1_271' title='bbox 798 3961 878 4012; x_wconf 86' lang='lat' dir='ltr'><strong>sane,</strong></span> <span class='ocrx_word' id='word_1_272' title='bbox 892 3943 990 4002; x_wconf 78' lang='lat' dir='ltr'><strong>malim</strong></span> <span class='ocrx_word' id='word_1_273' title='bbox 1002 3943 1174 4000; x_wconf 82' lang='lat' dir='ltr'><strong>rusticanam</strong></span> <span class='ocrx_word' id='word_1_274' title='bbox 1185 3962 1221 4002; x_wconf 85' lang='lat' dir='ltr'><strong>ex</strong></span> 
     </span>
     <span class='ocr_line' id='line_1_35' title="bbox 154 4035 1221 4114; baseline -0.002 -20"><span class='ocrx_word' id='word_1_275' title='bbox 154 4057 223 4114; x_wconf 85' lang='lat' dir='ltr'><strong>agro</strong></span> <span class='ocrx_word' id='word_1_276' title='bbox 235 4036 384 4094; x_wconf 73' lang='lat' dir='ltr'><strong>Venusino</strong></span> <span class='ocrx_word' id='word_1_277' title='bbox 398 4055 537 4106; x_wconf 83' lang='lat' dir='ltr'><strong>uxorem,</strong></span> <span class='ocrx_word' id='word_1_278' title='bbox 552 4056 638 4111; x_wconf 87' lang='lat' dir='ltr'><strong>quam</strong></span> <span class='ocrx_word' id='word_1_279' title='bbox 650 4036 814 4094; x_wconf 85' lang='lat' dir='ltr'><strong>Corneliam</strong></span> <span class='ocrx_word' id='word_1_280' title='bbox 821 4077 830 4106; x_wconf 91' lang='lat'><strong><em>‚</em></strong></span> <span class='ocrx_word' id='word_1_281' title='bbox 839 4035 1037 4094; x_wconf 86' lang='lat' dir='ltr'><strong>Gracchorum</strong></span> <span class='ocrx_word' id='word_1_282' title='bbox 1046 4045 1184 4106; x_wconf 84' lang='lat' dir='ltr'><strong>matrem,</strong></span> <span class='ocrx_word' id='word_1_283' title='bbox 1197 4037 1221 4092; x_wconf 89' lang='lat' dir='ltr'><strong>si</strong></span> 
     </span>
     <span class='ocr_line' id='line_1_36' title="bbox 155 4126 1221 4207; baseline -0.001 -21"><span class='ocrx_word' id='word_1_284' title='bbox 155 4128 346 4207; x_wconf 83' lang='lat' dir='ltr'><strong>arrogantiam</strong></span> <span class='ocrx_word' id='word_1_285' title='bbox 368 4145 501 4203; x_wconf 84' lang='lat' dir='ltr'><strong>magnam</strong></span> <span class='ocrx_word' id='word_1_286' title='bbox 523 4147 588 4183; x_wconf 87' lang='lat' dir='ltr'><strong>cum</strong></span> <span class='ocrx_word' id='word_1_287' title='bbox 612 4128 723 4204; x_wconf 85' lang='lat' dir='ltr'><strong>magnis</strong></span> <span class='ocrx_word' id='word_1_288' title='bbox 742 4127 899 4184; x_wconf 80' lang='lat' dir='ltr'><strong>virtutibus</strong></span> <span class='ocrx_word' id='word_1_289' title='bbox 921 4145 1038 4200; x_wconf 86' lang='lat' dir='ltr'><strong>quoque</strong></span> <span class='ocrx_word' id='word_1_290' title='bbox 1061 4126 1166 4198; x_wconf 80' lang='lat' dir='ltr'><strong>affert,</strong></span> <span class='ocrx_word' id='word_1_291' title='bbox 1189 4147 1221 4185; x_wconf 89' lang='lat' dir='ltr'><strong>ac</strong></span> 
     </span>
    </p>
   </div>
   <div class='ocr_carea' id='block_1_5' title="bbox 157 4218 1338 4300">
    <p class='ocr_par' dir='ltr' id='par_1_18' title="bbox 157 4218 1338 4300">
     <span class='ocr_line' id='line_1_37' title="bbox 157 4218 1338 4300; baseline -0.009 -19"><span class='ocrx_word' id='word_1_292' title='bbox 157 4224 315 4300; x_wconf 79' lang='lat' dir='ltr'><strong>triumphos</strong></span> <span class='ocrx_word' id='word_1_293' title='bbox 335 4239 457 4278; x_wconf 84' lang='lat' dir='ltr'><strong>avorum</strong></span> <span class='ocrx_word' id='word_1_294' title='bbox 474 4240 594 4279; x_wconf 82' lang='lat' dir='ltr'><strong>suorum</strong></span> <span class='ocrx_word' id='word_1_295' title='bbox 613 4221 644 4276; x_wconf 92' lang='lat' dir='ltr'><strong>in</strong></span> <span class='ocrx_word' id='word_1_296' title='bbox 662 4231 745 4296; x_wconf 83' lang='lat' dir='ltr'><strong>parte</strong></span> <span class='ocrx_word' id='word_1_297' title='bbox 760 4220 855 4294; x_wconf 84' lang='lat' dir='ltr'><strong>aliqua</strong></span> <span class='ocrx_word' id='word_1_298' title='bbox 872 4237 928 4276; x_wconf 79' lang='lat' dir='ltr'><strong>suaa</strong></span> <span class='ocrx_word' id='word_1_299' title='bbox 946 4218 1022 4276; x_wconf 85' lang='lat' dir='ltr'><strong>dotis</strong></span> <span class='ocrx_word' id='word_1_300' title='bbox 1038 4236 1098 4276; x_wconf 82' lang='lat' dir='ltr'><strong>esse</strong></span> <span class='ocrx_word' id='word_1_301' title='bbox 1117 4231 1220 4278; x_wconf 83' lang='lat' dir='ltr'><strong>censet.</strong></span> <span class='ocrx_word' id='word_1_302' title='bbox 1332 4263 1338 4270; x_wconf 88' lang='lat'><strong><em>.</em></strong></span> 
     </span>
    </p>
   </div>
   <div class='ocr_carea' id='block_1_6' title="bbox 0 0 1535 4984">
    <p class='ocr_par' dir='ltr' id='par_1_19' title="bbox 0 0 1535 4984">
     <span class='ocr_line' id='line_1_38' title="bbox 0 0 1535 4984; baseline 0 0"><span class='ocrx_word' id='word_1_303' title='bbox 0 0 1535 4984; x_wconf 95' lang='lat' dir='ltr'><strong> </strong></span> 
     </span>
    </p>
   </div>
  </div>
 </body>
</html>
