3134 4990
331 454 396 532 604
480 451 649 519 VARIAE
678 451 969 521 LEGTIONES
999 454 1062 520 ET
1091 453 1245 522 NOTAE

365 572 432 619 vas.
454 572 512 633 167.
526 570 739 635 Quaeramus,
750 587 791 634 27,
803 571 845 632 se,
855 579 898 633 47,
909 571 951 633 50,
961 571 1004 622 σε.
1017 573 1173 637 Declamam,
1183 574 1227 631 15.

364 658 433 716 Nor.
456 667 515 734 167.
534 667 662 732 mptum,
676 665 806 718 rhetores.
821 665 878 732 Qui
889 666 996 738 proprie
1009 666 1078 730 sint,
1091 679 1185 722 notum
1196 684 1229 720 ex
1240 665 1297 721 Cir.
1312 667 1394 720 tud.

329 743 379 807 IV,
391 746 440 811 13,
454 745 552 800 etFin.
562 747 606 812 ΙΙ,
619 764 643 800 1.
1312 744 1315 757 ¹

362 837 432 892 Nor.
455 843 514 896 168.
537 845 728 912 remugiunt
744 845 814 909 lices,
836 861 942 897 caussas
962 855 1091 916 perorant
1109 844 1140 898 in
1158 844 1234 910 loro,
1254 847 1335 896 mliao
1355 863 1398 894 m·

324 937 410 994 ptore,
423 937 475 978 etc.
486 965 495 992 ,
507 927 560 981 hoc
571 939 630 991 est,
643 925 762 981 dimissis
775 925 845 980 botis
859 927 913 980 illia
924 928 1024 982 caussis
1033 941 1060 982 et
1070 927 1310 983 declamationibus
1322 927 1397 981 scho-

328 1006 431 1061 lasticis
439 1007 473 1062 de
479 1012 615 1079 soporibus
626 1013 668 1080 (r.
677 1030 701 1064 c.
713 1009 808 1065 Paride
818 1049 826 1078 ,
836 1010 882 1081 qui
891 1009 1033 1073 Helenam
1044 1011 1085 1062 vel
1096 1011 1208 1077 latone,
1220 1011 1269 1082 qui
1277 1007 1399 1062 Medeam

327 1093 435 1164 rapuit,
446 1107 472 1147 et
483 1095 561 1165 aliie),
571 1094 605 1149 de
612 1098 794 1165 oamnissmis,
805 1114 836 1147 ac
848 1094 949 1167 pellici,
958 1113 985 1148 r.
995 1114 1018 1148 c.
1028 1095 1159 1150 Creussea
1168 1095 1277 1160 Medea,
1287 1095 1331 1148 tel
1338 1113 1401 1148 con-

324 1175 383 1247 jugi
395 1190 422 1233 et
434 1178 491 1232 aliis
507 1177 594 1246 datis,
608 1178 642 1233 de
654 1183 721 1232 mato
735 1182 876 1248 ingratoque
889 1181 991 1244 mario,
1002 1198 1031 1234 v.
1047 1197 1071 1232 c.
1085 1181 1202 1246 Iasone,
1216 1179 1339 1242 Theseo,
1351 1193 1400 1234 ete.

328 1278 387 1332 quar
404 1274 466 1314 aunt
484 1263 605 1334 volgaria
623 1263 742 1316 themata
759 1280 807 1316 seu
824 1261 1048 1316 declamationum
1068 1274 1239 1335 argumenta,
1258 1263 1288 1316 in
1305 1263 1402 1316 scholis

326 1345 435 1398 tractari
449 1345 543 1407 solita,
559 1344 592 1398 de
605 1345 700 1418 quibus
710 1343 773 1400 ride
784 1345 897 1412 Quintil.
910 1343 944 1398 de
955 1345 1111 1400 Declamatt.
1124 1345 1256 1420 et'Senec.
1271 1345 1400 1398 Controv.

327 1425 425 1479 Senem
446 1438 509 1479 est:
529 1427 635 1498 pertesi
655 1425 810 1481 miserrimae
827 1439 854 1480 et
872 1425 1022 1480 umbratilis
1041 1419 1180 1481 rhetorum
1199 1426 1262 1480 viter
1278 1445 1294 1480 a
1312 1426 1402 1480 schola

328 1519 467 1562 transeunt
480 1507 514 1562 ad
529 1509 633 1574 forum,
647 1522 718 1564 etex
733 1510 888 1564 rhetoribus
902 1509 971 1563 liunt
984 1511 1090 1582 patroni
1103 1528 1275 1576 caussarum,
1288 1529 1402 1582 qnorum

326 1588 383 1643 rita
394 1601 420 1642 et
430 1608 473 1643 ars
484 1590 573 1644 minua
584 1591 696 1648 molesta
706 1605 733 1647 et
744 1592 922 1664 questuosior
931 1605 981 1646 est.

361 1683 428 1738 Nor.
451 1689 509 1755 169.
527 1689 618 1750 Silene,
636 1707 694 1741 non
703 1685 818 1759 amplius
832 1687 866 1738 ab
880 1686 949 1757 ipsis
962 1698 1122 1754 tractantur,
1135 1686 1179 1742 vel
1190 1685 1336 1759 discipulis
1348 1699 1402 1743 tra·

325 1765 423 1819 ctandu
433 1781 622 1840 proponuntur
634 1770 752 1824 themata
765 1780 792 1821 et
805 1767 875 1821 fictae
885 1785 996 1820 causae.

362 1859 431 1912 Nor.
452 1878 512 1931 ¹7⁰·
532 1863 670 1926 Monada,
683 1859 778 1916 fictum
790 1861 880 1915 thema
892 1860 925 1915 de
939 1859 1138 1916 medicamentis
1148 1863 1177 1916 in
1188 1868 1317 1918 mortario
1330 1863 1402 1918 tritis

327 1961 341 1995 a
357 1941 451 1995 Medea
462 1954 488 1996 et
498 1941 605 1996 filiabus
619 1942 711 2007 Pelias,
722 1945 782 1995 eoeer'
793 1945 893 2008 veteris,
904 1945 985 2008 senis,
996 1945 1112 2012 traditis,
1126 1957 1156 1999 nt
1166 1964 1259 2000 eorum
1271 1947 1300 2000 ri
1311 1947 1403 2018 pneri-

326 2026 391 2080 tiam
403 2023 547 2080 redderent
559 2025 659 2099 patri.¹
679 2025 734 2079 Alii
747 2025 913 2091 existiment,
927 2026 1145 2082 declamationem
1159 2028 1289 2102 designari
1299 2030 1334 2084 de
1343 2029 1401 2084 filio

326 2109 473 2180 pharmaca
483 2108 519 2163 ad
532 2107 668 2162 sanandos
680 2108 745 2162 casei
754 2109 837 2179 patris
847 2110 939 2163 oculos
948 2109 1088 2180 miscente,
1101 2123 1128 2164 et
1135 2111 1200 2166 hinc
1208 2131 1342 2168 anoveroa
1353 2129 1400 2166 re·

327 2192 417 2246 nelicii
429 2193 597 2257 insimulato,
612 2203 642 2245 nt
653 2190 870 2247 exheredaretur.
884 2201 902 2228 ²·

363 2289 432 2342 Nor.
445 2307 492 2359 171
499 2307 554 2362 seq.
562 2291 639 2358 Ergo,
649 2290 699 2344 hus
710 2289 747 2342 ob
756 2306 859 2342 caussas
866 2288 927 2358 (nisi
935 2291 1026 2362 potius
1035 2288 1138 2344 dictum
1148 2309 1200 2362 pro
1209 2289 1345 2344 enimvero
1352 2301 1399 2343 aut

326 2374 461 2446 prolecto)
472 2370 543 2426 idern
556 2373 614 2438 ille,
628 2377 670 2443 qus·
678 2377 717 2424 ad
718 2393 846 2442 pregnans,
858 2392 937 2426 veras
950 2391 1057 2428 caussas
1069 2374 1172 2427 infore
1181 2371 1356 2445 perorandae,
1364 2375 1398 2423 ab

326 2461 413 2508 umbra
428 2459 564 2523 rhetorica,
579 2476 595 2511 a
611 2457 770 2512 scholastica
784 2455 972 2511 exercitatione
988 2470 1014 2511 et
1028 2456 1083 2510 vita
1096 2456 1235 2509 umbratili
1249 2455 1399 2519 rhetorum

327 2544 467 2609 dueum,
479 2542 588 2607 transit,
602 2542 656 2595 hoc
669 2553 724 2607 est,
736 2541 838 2602 rhetor,
853 2539 900 2612 qui
910 2551 1040 2611 patronus
1051 2556 1205 2592 mossarum
1214 2538 1299 2591 factus
1310 2551 1366 2603 eat,
1378 2538 1401 2589 si

327 2639 410 2677 nostra
420 2645 481 2679 eum
490 2628 744 2687 mosebuuteonsilia,
761 2627 809 2676 sibi
818 2627 889 2684 dabit
899 2625 953 2691 ipse
961 2625 1060 2684 nedem,
1073 2623 1125 2675 hoc
1138 2634 1196 2688 est,
1207 2623 1285 2676 etiam
1296 2621 1398 2676 sorensi

327 2709 511 2765 exercitationi
520 2711 649 2782 omnique
659 2709 709 2763 arti
718 2707 842 2762 oratoria·
851 2707 946 2778 (quam
955 2723 1051 2777 parum
1064 2717 1237 2778 quaestuosum
1247 2723 1319 2770 esse,
1333 2725 1396 2778 sup.

326 2811 369 2846 rs.
383 2797 538 2860 rofi—149,
552 2805 632 2864 poeta
641 2789 811 2862 ostenderat)
824 2787 1007 2852 renunciabit,
1020 2799 1046 2842 et
1058 2788 1139 2859 longe
1151 2785 1226 2840 aliud
1235 2789 1349 2840 winter
1357 2791 1397 2839 iu-

324 2879 458 2943 Μέτων.
477 2906 512 2918 -
528 2878 580 2926 Sibi
595 2877 665 2927 dabit
681 2877 735 2944 ipse
750 2877 851 2936 radon,
874 2871 992 2943 tropice,
1010 2883 1040 2924 nt
1058 2869 1131 2943 apud
1150 2870 1243 2925 Horat.
1261 2871 1349 2944 Epist.
1367 2872 1396 2935 1,

330 2973 355 3022 r,
366 2977 396 3022 1,
409 2970 436 3011 et
449 2957 566 3012 Martial.
575 2958 632 3026 111,
645 2956 695 3026 36,
711 2975 751 3012 ro.
772 2959 812 3011 De
827 2955 940 3029 proprio
950 2955 1096 3010 verborum
1105 2973 1187 3008 sensu
1195 2953 1258 3008 ride
1268 2973 1351 3028 supra
1362 2955 1397 3010 ad

327 3039 380 3105 vl,
400 3046 459 3095 113.

362 3135 431 3189 Nor.
454 3137 511 3208 173.
530 3137 600 3192 Vide
609 3157 690 3210 sopra
701 3137 737 3191 ad
747 3155 785 3192 vs.
799 3137 825 3201 t,
836 3149 863 3192 et
875 3136 942 3204 1563
955 3148 981 3190 et
991 3136 1063 3191 conl.
1081 3135 1173 3190 Sanco.
1185 3135 1263 3190 Praei.
1275 3135 1322 3190 lih.
1334 3137 1394 3204 111,

327 3219 456 3274 Contror.
476 3221 551 3275 Alius
565 3241 671 3294 quoqne
684 3211 792 3275 subesse
806 3232 893 3292 potest
904 3238 1012 3286 sensua;
1030 3238 1093 3273 nam
1107 3217 1176 3272 ficte
1190 3217 1395 3273 declamationes

326 3301 464 3358 rhetorice
485 3318 548 3360 sunt
565 3325 692 3360 serarum
707 3303 952 3358 controversiarum
969 3302 1114 3357 forensium
1129 3303 1234 3356 umbrae
1252 3315 1353 3356 tantum
1366 3315 1396 3358 et

328 3385 466 3459 imagines.
478 3389 529 3443 En.

361 3481 429 3536 Nor.
450 3490 508 3555 174.
527 3485 568 3538 Ne
580 3484 615 3539 ad
624 3485 718 3540 incitas
728 3482 894 3556 redigantur,
904 3493 930 3534 et
941 3481 1037 3554 exigna
1047 3501 1154 3555 qnoque
1164 3481 1397 3553 pecuniaumnma

327 3565 381 3618 illia
391 3564 473 3634 desit,
483 3586 536 3640 qua
548 3579 646 3623 tessera
657 3567 832 3624 frumentaria
840 3567 921 3628 vanu,
932 3582 1031 3618 venum
1042 3565 1077 3628 it,
1084 3563 1217 3629 tenditur,
1228 3575 1257 3618 et
1266 3582 1283 3619 a
1291 3581 1395 3635 paupe·

326 3649 518 3722 ribuscemitnr,
528 3653 582 3707 hoc
590 3665 646 3720 est,
665 3671 718 3726 qus
731 3651 863 3706 summula
875 3647 952 3721 panis
961 3659 1073 3701 ematur.
1085 3679 1120 3688 -
1133 3651 1291 3698 smum
1304 3647 1395 3700 Romo

327 3731 521 3793 distribuebant
531 3751 665 3794 curatores
678 3755 803 3804 maone,
821 3733 891 3788 datis
904 3736 1002 3786 tesseris
1006 3735 1191 3806 snuaeatariis,
1203 3731 1261 3787 sire
1268 3732 1396 3804 symbolis

745 3903 974 3927 mm

365 4035 371 4058 ¹
393 4033 429 4079 De
443 4049 491 4096 qna
505 4036 590 4084 fraude
602 4035 696 4086 Mede:
710 4031 767 4084 vide
780 4036 834 4100 tty·
915 4034 926 4061 ²
944 4028 1034 4076 Confer
1052 4025 1136 4076 Ovidii
1151 4027 1385 4093 Metamorphoseon

327 4107 378 4171 gin.
391 4107 408 4155 s.
422 4119 472 4169 243
485 4113 558 4162 ovid.
571 4116 633 4163 Met.
643 4117 708 4178 vn,
719 4116 769 4176 176
784 4129 835 4180 seq.
877 4107 922 4158 tib.
942 4108 1006 4167 vn,
1024 4123 1062 4154 vs.
1076 4107 1142 4170 176,
1161 4107 1247 4176 ibique
1260 4106 1389 4156 Heinsiam

326 4197 350 4234 et
358 4187 461 4238 Diodes.
472 4192 516 4252 tv,
528 4193 569 4252 51,
580 4193 623 4244 52,
880 4197 905 4234 et
918 4187 1094 4234 Burmannnm.
