3108 4986
462 453 653 518 SATIRA
676 453 919 560 Quiritis
1152 477 1210 542 ²9¹

139 568 303 655 Cultello,
321 568 432 636 donec
448 583 587 663 peragat
603 568 729 638 dictata
744 567 900 663 magistri

140 679 264 748 Omnia
283 705 291 746 :
311 703 377 748 nec
392 677 530 746 minimo
546 701 626 746 sene
642 677 835 747 discrimine
853 677 974 762 refert,

142 789 218 878 Quo
238 803 337 882 gestu
351 786 503 882 lepores,
520 803 554 856 et
570 813 638 882 quo
656 787 777 882 galline
793 802 936 857 secetur.

189 898 336 967 Duceris
355 895 488 992 planta,
504 896 599 966 velut
614 897 699 965 ictus
716 898 757 966 ab
773 897 921 966 Hercule
939 899 1064 985 Cacus,
1159 916 1228 992 ,125¹

146 1011 189 1078 Et
204 1032 335 1104 ponere
353 1006 458 1094 foras,
476 1005 600 1108 siquid
618 1008 800 1076 tentaveris
816 1031 978 1102 umquem

148 1119 305 1202 Hiscere,
322 1131 482 1209 tanquam
495 1116 621 1186 habees
638 1116 702 1184 tria
717 1117 865 1184 nomina.
877 1117 1025 1204 Quando
1041 1119 1200 1216 propinat

148 1227 252 1294 Virro
270 1227 348 1314 tibi,
363 1228 533 1320 sumitque
551 1226 615 1296 tuis
634 1241 791 1296 contecta
807 1226 933 1296 labellis

149 1339 296 1409 Pocula?
311 1341 386 1434 quis
401 1353 551 1408 vestrum
568 1339 767 1407 temerarius
783 1363 891 1436 usque
909 1341 1011 1426 adeo,
1029 1342 1105 1436 quis

152 1448 325 1534 Perditus,
341 1466 380 1520 ut
396 1450 488 1519 dicat
503 1450 593 1548 regi,
610 1447 718 1518 Bibe?
732 1449 880 1520 Plurima
895 1465 992 1538 sunt,
1010 1475 1083 1545 quse
1178 1470 1227 1524 130

152 1561 230 1629 Non
247 1559 375 1628 audent
389 1559 545 1629 homines
562 1573 700 1652 pertusa
716 1557 828 1628 dicere
845 1558 940 1630 laenn.

198 1670 459 1766 Quadringenta
475 1669 536 1740 tibi
552 1669 581 1740 si
598 1669 672 1762 quis
690 1671 800 1756 Deus,
817 1685 875 1739 eut
890 1671 1006 1742 similis
1022 1672 1099 1756 Dis,

152 1783 194 1850 Et
210 1779 333 1848 melior
349 1779 424 1848 fatis
439 1775 599 1864 donaret3
616 1779 821 1864 homuncio,
841 1795 986 1874 quantus

84 1949 86 1954 .
153 1892 201 1958 Ex
217 1887 327 1957 nihilo
344 1887 460 1974 fieres,
477 1901 623 1981 quantus
639 1888 798 1958 Virronis
814 1885 957 1959 amicus!

154 2003 205 2068 Da
219 2000 367 2067 Trebio:
387 2022 476 2092 pone
493 1997 535 2065 ad
550 1996 724 2064 Trebium.
742 1998 822 2083 vis,
841 1996 961 2085 frater,
978 1997 1020 2068 ab
1035 1999 1117 2095 ipsis
1184 2017 1232 2070 135

153 2107 281 2178 llibus?
296 2109 328 2175 Ο
347 2108 497 2183 nummi,
514 2107 609 2175 vobis
627 2106 719 2174 hunc
735 2119 871 2199 praestat
886 2105 1070 2195 honorem3

153 2222 223 2289 Vos
241 2219 320 2288 estis
337 2218 467 2286 fratres.
485 2219 653 2287 Dominus
671 2232 802 2304 tamen,
819 2232 853 2286 et
870 2217 999 2286 domini
1018 2245 1076 2288 rex

154 2423 237 2500 qussi
248 2423 437 2482 adnumeres
449 2423 533 2480 saltet
544 2441 597 2496 per
609 2439 695 2478 omne
708 2421 883 2490 triclinium
895 2433 928 2480 ut
940 2421 1027 2490 elius,
1039 2423 1086 2480 cui
1098 2425 1238 2486 seeundo-

154 2537 220 2576 rum
233 2515 328 2590 perite
339 2515 530 2572 obsoniorum
542 2525 585 2572 est
598 2533 681 2582 cura,
690 2514 837 2574 cultellum
848 2514 918 2574 scite
929 2527 957 2572 et
966 2515 1107 2574 velociter
1117 2517 1239 2578 circinn-

154 2619 237 2686 sgat,
253 2609 351 2666 donec
363 2607 444 2664 cibus
457 2625 558 2666 omues
569 2625 603 2664 cx
617 2606 687 2664 artis
695 2625 728 2664 uc
737 2606 895 2682 discipline
907 2608 1081 2684 coquinarie
1090 2611 1240 2686 praecptis

153 2699 346 2768 dissecuerit,
371 2699 454 2775 qussi
476 2699 636 2774 ριιιιιιιιιιιιι
655 2698 823 2773 intereunt,
843 2718 904 2774 quo
921 2709 1006 2775 gestu
1025 2701 1157 2775 lepores,
1179 2718 1239 2777 quo

154 2795 269 2872 gellinae
283 2793 517 2852 conciderentur.

198 2885 266 2944 125.
288 2888 367 2944 uum
385 2885 476 2944 ceteri
497 2885 627 2942 convive
646 2886 795 2960 garriunt,
817 2885 882 2942 siles
905 2895 951 2955 tu;
974 2904 1025 2956 uc,
1045 2884 1070 2944 si
1088 2885 1160 2960 quid
1174 2869 1263 2946 ιιιιι-ΙΙ

156 2980 210 3036 tire
225 2977 351 3046 sudus,
372 2987 507 3052 tanquam
523 2977 577 3034 tibi
590 2976 648 3033 sint
668 2978 722 3034 trie
743 2978 876 3048 nomina,
896 2977 1018 3052 pedibus
1033 2977 1110 3036 toras
1124 2989 1239 3053 pertre-

154 3073 250 3140 heris,
274 3082 309 3130 ut
326 3069 397 3128 olim
416 3071 506 3128 Csotu
524 3070 561 3126 sb
580 3071 706 3128 Hercule
724 3082 900 3146 perempnis.
922 3071 1081 3144 Ecqusndo
1100 3073 1239 3146 poculum

156 3165 210 3222 ubi
227 3163 357 3239 porrigit
375 3163 480 3230 Virro,
494 3171 527 3218 ut
548 3181 584 3218 ex
595 3162 701 3220 eudem
716 3163 819 3220 bibes?
842 3163 959 3238 quando
981 3174 1080 3232 mun,
1103 3164 1240 3239 siporri-

154 3277 204 3334 gss
222 3258 305 3332 ipse,
329 3256 386 3312 tuis
401 3265 567 3312 contectum
585 3253 673 3310 labris
691 3254 818 3329 scripit?
837 3255 910 3324 Quis
928 3274 945 3311 e
962 3266 1057 3312 vestra
1070 3255 1118 3313 ille
1134 3255 1241 3330 persei-

155 3363 256 3408 torum
276 3350 380 3418 turba,
404 3361 462 3404 trun
486 3348 654 3406 temerarius
674 3359 734 3418 est,
758 3359 814 3402 tem
836 3347 1008 3421 impudens,
1031 3357 1064 3404 ut
1085 3360 1240 3422 petrocum

155 3463 241 3502 suum
251 3441 465 3500 adhibendum
478 3440 591 3498 hortari
607 3453 637 3496 et
652 3442 797 3514 appellare
815 3441 908 3498 ausit?
926 3444 1081 3516 Psuprrtus
1096 3454 1125 3499 et
1141 3443 1242 3502 detriti

155 3547 297 3596 centones
311 3535 470 3592 obstruunt
486 3553 519 3589 os
534 3533 717 3603 hominibus,
731 3533 805 3590 adeo
814 3545 851 3590 ut
861 3535 963 3610 saepius
977 3536 1175 3592 obmutescere
1186 3557 1242 3611 pro

154 3629 271 3704 pudore
283 3639 435 3704 cogentur.
511 3645 514 3653 ’

198 3721 267 3780 132.
289 3727 329 3778 nt
344 3720 370 3776 si
384 3721 451 3794 quis
467 3721 560 3787 Deus,
576 3728 626 3774 sut
643 3717 784 3792 quispiam
800 3719 920 3792 Superis
935 3737 1003 3793 per,
1020 3719 1143 3792 fatisque
1159 3720 1244 3778 beni.

156 3812 261 3889 geion,
275 3810 405 3867 sestertia
418 3810 472 3866 tibi
482 3808 693 3884 quadringente
706 3809 876 3885 largiretur,
888 3820 1012 3883 quantus
1027 3809 1178 3881 evaderes,
1191 3813 1243 3887 qui

157 3904 248 3962 modo
263 3903 338 3958 nihil
352 3903 409 3958 uisi
424 3901 583 3960 homuncio
596 3901 675 3957 eresi
695 3919 781 3974 quem
802 3901 899 3956 subito
915 3901 1037 3956 Virroni
1053 3919 1136 3958 cerus
1150 3901 1243 3960 sores!

157 4009 191 4054 ut
203 4009 233 4054 te
242 3996 502 4070 complecteretur!
513 4007 547 4052 ut
559 3995 636 4050 lente
647 3994 804 4068 reciperet!
815 3995 889 4048 Dete
897 4033 905 4062 ,
914 3993 1027 4062 famuli,
1036 3993 1092 4048 hoc
1102 3993 1243 4052 ferculum

161 4088 289 4157 Trebi03
299 4086 373 4144 illud
385 4087 493 4144 Trebio
501 4085 654 4162 opponite:
670 4084 775 4159 ecquid
786 4084 897 4140 arridet
908 4083 978 4152 tibi,
990 4085 1093 4154 linter,
1103 4103 1204 4144 sumen
1216 4100 1245 4145 et

161 4192 314 4240 omentum
331 4178 431 4236 istud?
451 4181 478 4237 O
496 4179 625 4236 nummii
639 4178 725 4234 vobis
738 4179 815 4234 lrunc
829 4178 972 4236 honorem
985 4178 1087 4248 hebet3
1106 4199 1173 4253 vos,
1192 4201 1245 4237 vos

1032 4292 1081 4354 ¹9·
