3122 4986
325 428 389 508 664
483 432 654 497 VARIAE
676 429 966 494 LECTIONES
989 430 1052 493 ET
1074 427 1104 494 N
1113 429 1226 495 O'l'AE

324 547 382 596 inde
395 548 530 598 Dolabellae
541 558 632 598 statuar
645 565 715 597 aures
727 547 870 604 offendunt,
888 561 966 609 ueqnc
980 546 1127 609 permutatio
1139 545 1181 593 ille
1191 544 1322 592 tectim
1333 553 1384 590 usn

324 630 399 678 facilis
407 642 458 692 est,
470 631 590 708 quem'illi
601 631 704 680 videtur.

358 724 384 774 N
386 741 428 774 or.
450 723 511 777 105.
529 725 578 777 His
588 724 685 796 opibus
696 723 771 776 arari
781 721 983 793 provinciarum
997 719 1121 793 priesidcs
1132 720 1166 773 ad
1177 739 1223 774 eas
1231 717 1386 792 expilandos

324 805 428 859 incitati
439 820 513 871 sunt,
522 809 565 860 vel
573 847 581 871 ,
590 819 621 859 ut
630 805 814 860 commentarii
823 807 883 858 loco
897 817 959 858 utar
968 805 1057 857 verbis
1066 803 1218 869 Ciceronis,
1228 803 1286 857 Oli.
1297 803 1354 864 111,
1363 801 1388 864 8,

325 886 360 940 dc
372 887 495 942 utilitatis
505 891 533 944 vi
546 889 717 963 disputantis,
733 889 812 942 «hinc
823 890 903 953 lurra,
915 890 1063 960 peculatus,
1077 889 1252 960 expilationes
1262 886 1390 958 direptio·

324 989 425 1044 necque
438 972 573 1026 sociorum
586 973 782 1026 nascebantur:
795 997 805 1017 ι
819 991 882 1025 nam
894 972 965 1026 lurta
976 973 1115 1026 occasione
1126 973 1213 1043 gigni,
1230 973 1273 1026 vel
1282 989 1391 1044 prover·

326 1053 373 1105 bia
386 1052 498 1119 docent;
511 1067 535 1106 et
546 1058 697 1115 Dolabellae,
711 1055 831 1105 Anwnius
841 1069 866 1104 et
879 1061 977 1116 Verres,
986 1053 1098 1106 infames
1112 1053 1311 1124 provinciarum
1322 1051 1393 1104 dire-

327 1150 430 1208 ptores,
449 1139 578 1210 exquisite
590 1157 640 1210 pro
657 1138 734 1190 furtis
749 1150 775 1190 et
792 1135 987 1209 direptionibus
1003 1137 1137 1191 sociorum
1152 1137 1233 1200 dicti,
1252 1139 1282 1190 rit
1295 1135 1394 1190 similia

328 1221 427 1272 centies
439 1221 533 1282 obvia,
544 1217 617 1276 verbi
625 1240 710 1275 causs.
721 1224 816 1273 &lonc
826 1221 873 1273 inl.
883 1241 922 1275 vs.
940 1223 1004 1286 130;
1014 1241 1070 1272 mea
1084 1225 1168 1274 Clotho
1177 1237 1202 1272 er
1211 1224 1332 1284 Lachesis,
1342 1221 1393 1282 tx,

330 1304 390 1369 135,
400 1319 426 1357 et
439 1305 500 1360 alia.
523 1307 623 1360 Confer
633 1319 720 1359 tamen
732 1305 797 1357 Var.
811 1305 883 1358 Lect.
893 1336 928 1346 -
938 1309 1067 1358 Dolabella
1077 1307 1104 1359 h.
1115 1307 1166 1360 loc.
1181 1307 1225 1361 vel
1234 1307 1284 1360 Cu'.
1295 1307 1394 1358 Corne·

328 1387 380 1438 lius
390 1387 438 1440 Cn.
452 1389 481 1442 F.
493 1390 649 1451 Dolabella,
662 1388 724 1440 Cos.
736 1405 797 1439 cum
805 1388 844 1440 M.
854 1387 946 1441 Tullio
958 1389 1058 1442 Deculo
1071 1408 1132 1441 nnn.
1147 1391 1215 1442 Urb.
1231 1388 1393 1449 DCLXXIl,

326 1470 473 1539 proconsul
485 1469 665 1532 Macedoniae,
683 1489 699 1521 a
713 1470 742 1522 C.
756 1468 859 1521 Caesare
871 1467 1040 1523 adolescente
1054 1470 1264 1542 repetundarum
1273 1469 1392 1542 postula·

329 1561 385 1614 tus,
398 1550 445 1604 sed
460 1551 582 1606 delensus
592 1573 608 1605 a
620 1553 698 1605 Cotta
710 1565 736 1605 et
748 1553 905 1618 Hortensi03
919 1563 926 1588 ¹
942 1555 984 1606 vel
996 1554 1045 1606 Cn.
1056 1554 1198 1607 Dolabella
1211 1557 1240 1606 t.
1255 1555 1285 1606 F.
1298 1567 1395 1625 praetor

330 1632 444 1698 Ciliciae,
460 1648 601 1688 accusatus
618 1653 634 1688 a
650 1635 689 1687 Μ.
707 1635 808 1688 Scauro
825 1633 859 1688 de
877 1636 1032 1708 repetundis
1049 1651 1075 1691 et
1090 1638 1284 1691 condemnatus
1294 1648 1323 1703 ;²
1338 1640 1396 1702 vel,

328 1714 420 1788 judice
436 1718 546 1782 Mauso,
561 1718 697 1772 Ciceronis
713 1736 803 1788 gener,
820 1718 974 1772 notissimus
988 1721 1035 1775 ille
1049 1721 1076 1773 in
1093 1719 1211 1775 secundo
1228 1717 1397 1774 triuurriratu

331 1798 466 1863 tribunus,
480 1800 598 1873 legisque
607 1800 641 1854 dc
655 1802 731 1854 novis
741 1800 840 1854 tabulis
853 1800 968 1854 lerendae
978 1815 1073 1857 auctor
1084 1802 1150 1872 (vid.
1164 1805 1298 1870 Dio-Cass.
1312 1803 1397 1866 xut,

333 1901 381 1952 ²9·
400 1883 490 1955 ibique
506 1885 656 1957 interpp),
672 1886 701 1938 P.
719 1886 859 1938 Cornelius
875 1886 1032 1950 Dolabella,
1050 1900 1238 1959 postmortem
1251 1887 1361 1940 Cesaris
1372 1899 1398 1940 et

333 1964 363 2018 C.
380 1966 523 2032 Trebonii,
540 1967 642 2038 perfide
656 1969 691 2020 ab
704 1987 736 2020 eo
748 1986 811 2020 ann.
827 1968 896 2020 Urb.
907 1987 957 2039 7¹²
971 1970 1090 2042 Smyrnae
1103 1970 1236 2023 interfecti
1252 1969 1322 2038 (rid.
1334 1970 1398 2032 Dio,

334 2051 457 2114 XLVII,
476 2054 539 2120 29),
554 2052 640 2104 hostis
651 2071 667 2105 a
677 2063 772 2106 senatu
784 2050 935 2123 judicatus,
953 2051 986 2106 de
1002 2071 1055 2123 quo
1068 2071 1145 2106 socer
1159 2052 1277 2125 Philipp.
1291 2053 1345 2116 xl,
1363 2069 1397 2104 a:

334 2134 420 2187 ·Cuna
428 2135 480 2187 hoc
492 2136 571 2187 hoste
582 2133 738 2187 bellandum
749 2146 798 2197 est,
813 2137 915 2204 acujas
927 2136 1062 2188 teterrima
1073 2134 1232 2190 crudelitate
1241 2135 1322 2188 curnis
1334 2135 1397 2187 bar·

334 2217 410 2269 baria
420 2229 545 2288 superata
558 2229 606 2270 est.
623 2215 699 2284 Quid
710 2217 807 2287 loquar
821 2214 854 2270 de
870 2215 942 2269 code
957 2217 1056 2271 civium
1071 2218 1274 2271 Romanorum?
1291 2221 1320 2268 sle
1331 2220 1397 2270 dirc-

331 2302 563 2369 pricasjanomm?
572 2300 641 2367 Quis
650 2311 691 2353 eet
697 2339 705 2364 ,
716 2301 762 2371 qui
772 2319 822 2372 pro
833 2317 922 2352 rerum
934 2301 1075 2353 atrocitate
1085 2298 1226 2372 deplorare
1237 2314 1323 2354 taam
1333 2301 1401 2354 cela·

334 2381 440 2436 mitates
450 2383 552 2457 questi
567 2385 603 2436 Et
618 2401 690 2436 nuuc
704 2395 761 2436 tota
771 2383 830 2436 Asia
843 2397 966 2454 vagatur,
982 2387 1074 2435 uolitat
1086 2398 1113 2434 at
1122 2405 1185 2446 κη
1200 2404 1249 2437 nos
1262 2386 1316 2438 alio
1330 2386 1401 2438 bello

336 2465 459 2526 distineri
473 2481 579 2542 putat.»
599 2469 680 2521 Poeta
694 2481 782 2522 tamen
796 2481 850 2522 tres
863 2468 952 2540 potius
966 2467 1120 2520 Dolabellas
1133 2467 1208 2531 illos,
1223 2486 1306 2539 quern
1318 2487 1401 2521 mum

334 2553 480 2622 respexisse
494 2551 609 2606 ridetur.
631 2554 752 2604 Antonius
762 2563 801 2604 est
812 2552 843 2604 C.
855 2551 999 2612 Antonius,
1014 2552 1054 2604 M.
1066 2551 1174 2603 Antonii
1188 2553 1302 2604 oratoris
1315 2553 1399 2614 fitius,

335 2652 396 2686 reus
414 2634 500 2688 fectus
517 2634 552 2688 de
569 2633 724 2706 repetundis
743 2647 770 2688 et
790 2633 824 2688 de
843 2636 994 2706 majestate,
1018 2651 1035 2686 a
1055 2635 1209 2686 censoribus
1228 2653 1300 2687 anno
1318 2637 1401 2688 Urbis

336 2717 531 2771 DCLXXXIII
552 2730 648 2770 senatu
660 2729 760 2780 motus,
773 2715 847 2789 quod
859 2718 944 2770 socios
957 2715 1124 2788 diripuisset,
1137 2717 1185 2771 sed
1200 2737 1215 2770 a
1230 2720 1401 2790 sequentibus

336 2802 491 2854 censoribus
501 2802 647 2868 restitutus,
659 2814 685 2855 et
697 2800 833 2854 Ciceronis
845 2801 872 2852 in
883 2801 1027 2854 consulatu
1040 2801 1143 2872 collega
1157 2801 1270 2855 factus.³

371 2896 441 2950 Nor.
462 2901 521 2951 106.
544 2905 636 2962 Verres,
649 2897 679 2950 C
696 2898 794 2949 Verres
806 2895 837 2948 C.
856 2895 886 2948 F.
900 2906 998 2967 prator
1011 2895 1123 2958 Siciliae,
1139 2915 1220 2968 quam
1237 2897 1402 2967 provinciana

337 2979 481 3033 triennium
491 2981 622 3044 obtinuit,
633 2993 713 3051 atque
723 2981 760 3032 ita
770 2978 898 3050 diripuit,
908 2990 938 3030 ut
949 2977 1030 3042 nihil,
1040 2979 1113 3054 quod
1124 2979 1158 3032 ad
1168 2980 1262 3032 oculos
1272 2982 1403 3034 animum-

337 3080 389 3133 que
399 3061 546 3126 accideret,
555 3081 642 3133 neque
653 3061 766 3132 privati,
779 3081 866 3133 neque
877 3061 995 3133 publici,
1007 3081 1092 3133 neque
1103 3061 1225 3134 prolaui,
1239 3082 1326 3135 neque
1337 3064 1405 3116 sacri

339 3144 429 3214 (unde
441 3149 604 3216 Sacrilegus),
621 3146 649 3198 in
664 3158 719 3198 tota
733 3146 820 3199 insula
836 3145 986 3217 reliquerit;
1002 3143 1076 3215 quod
1089 3145 1182 3198 Cicero
1196 3145 1292 3212 docet,
1309 3149 1365 3202 Act.
1375 3147 1403 3199 11

338 3229 366 3282 iu
377 3230 503 3291 Verrem,
515 3231 563 3284 Or.
576 3229 626 3292 1v‚
636 3247 695 3300 quae
707 3231 739 3280 de
749 3231 829 3298 Signis
839 3227 1002 3281 inscribitur.

373 3375 439 3422 Vn.
460 3390 516 3436 107.
535 3375 636 3423 Occulta
645 3386 671 3425 et
680 3373 774 3439 spolia,
786 3369 826 3433 50,
838 3374 885 3432 64,
897 3381 938 3434 74.
957 3370 1005 3420 Sed
1015 3372 1069 3436 syll.
1078 3369 1167 3432 finalis,
1175 3387 1220 3436 per
1229 3389 1255 3422 se
1264 3373 1355 3432 brevis,
1368 3389 1404 3421 se·

339 3456 471 3520 quentibus
483 3456 580 3505 duobus
589 3457 698 3506 tribusve
708 3457 837 3516 consonis,
848 3456 923 3504 modo
932 3455 1073 3520 corripitur,
1087 3455 1161 3506 ruodo
1170 3455 1325 3520 producitur.
1340 3455 1403 3504 Vide

338 3539 370 3587 ad
384 3541 435 3599 VI,
452 3555 508 3604 ¹⁰9·
518 3541 604 3588 Hiatus
616 3556 714 3606 qnoque
722 3539 836 3589 Juvenali
846 3540 992 3602 frequentes.
1003 3539 1067 3586 Vide
1078 3539 1110 3586 ad
1120 3541 1146 3600 1,
1161 3541 1218 3588 151.

374 3633 446 3685 Nor.
468 3649 527 3702 ¹⁰7·
545 3633 693 3701 llesercbcat
709 3635 812 3686 Occulta
827 3635 926 3699 spolia,
941 3649 996 3683 non
1013 3631 1116 3702 palam,
1135 3642 1165 3684 ut
1177 3631 1264 3702 spolia
1274 3631 1406 3686 victorum

761 3801 941 3822 ΜἊΊΜΜ
944 3802 989 3822 m

377 3927 386 3953 ¹
405 3923 468 3970 Vide
480 3924 545 3973 Suet.
559 3923 618 3973 Caes.
629 3925 645 3983 4
653 3943 660 3986 ;
672 3923 723 3974 Cic.
738 3920 789 3972 Pis.
803 3938 848 3990 19,
928 3919 939 3959 ³
957 3921 1023 3976 Vide
1038 3927 1115 3976 Cicer.
1126 3924 1185 3975 Cael.
1201 3926 1242 3984 ar,
1256 3937 1281 3974 et
1293 3927 1347 3974 Vct.
1362 3941 1405 3986 υς

340 4003 439 4052 ethc
449 4021 491 4066 9²·
892 4005 987 4054 Sellust.
1001 4007 1028 4056 B.
1040 4006 1067 4054 C
1079 4021 1127 4063 ar,
1141 4016 1167 4052 et
1180 4005 1273 4054 Ascou.
1284 4005 1314 4054 ad
1325 4005 1402 4055 Cicer.

377 4087 388 4113 ¹
406 4081 470 4130 Vide
487 4084 538 4133 cte.
555 4087 626 4134 Verr.
645 4087 671 4146 l,
690 4095 719 4148 4,
739 4083 849 4148 15-17,
893 4086 960 4133 Orat.
979 4085 1007 4132 in
1025 4094 1080 4149 toga
1102 4084 1174 4132 caud.
1194 4101 1250 4149 pag.
1271 4099 1339 4148 979,
1358 4083 1402 4150 ed.

341 4163 382 4224 37,
393 4161 476 4222 ³8,er
484 4161 580 4209 Ernesti
589 4164 649 4211 clav.
658 4165 707 4213 Cic.
893 4165 1219 4230 Graev.etCrammcr,pag.
1234 4166 1292 4213 lar.
1303 4165 1350 4212 tn.
