3122 4986
421 454 475 520 IN
498 455 728 520 samam
750 454 998 519 octavam.
1172 453 1239 554 Ι667

211 561 281 614 Nor.
303 569 362 626 114.
380 566 499 616 Resinata
505 569 628 634 juventus,
637 568 751 638 levigata
761 555 864 628 retina,
877 583 936 638 quat
946 563 1091 620 evellendis
1099 583 1114 619 e
1122 563 1241 636 corpori·

178 643 229 696 bus
247 645 310 716 pilis
324 645 520 715 adhibebatur,
536 648 749 721 δρωπωιιζομίνη,
767 651 989 720 emurmoops'm,
1005 647 1077 701 undo
1090 664 1240 704 morsos-sera
1296 651 1302 664 ⁸

175 729 249 790 leeth,
259 740 287 782 et
299 742 392 786 contra
404 735 524 799 Hispania
537 735 645 800 teram,
659 751 755 806 aspero
766 732 888 806 duroque
897 733 981 786 cultui
992 732 1112 796 adsueta,
1124 746 1150 786 et
1163 732 1241 785 belli·

176 825 249 865 cosa.
262 813 332 867 Vide
341 814 376 867 ad
388 815 431 880 ΙῙ,
446 834 487 869 rs.
500 846 535 857 -
547 820 675 868 Horridum
691 820 790 869 militene
800 836 853 870 esse
866 820 952 870 debon
963 818 1001 870 ait
1011 817 1116 882 Livius,
1126 816 1176 870 lib.
1184 817 1241 881 nt,

175 911 238 965 cap.
253 901 298 962 to,
311 909 380 949 nost
393 896 456 951 edit
467 909 531 954 tom.
547 901 604 963 ΙΙΙ,
616 919 677 972 pag.
689 902 732 970 98.
745 902 799 955 En.

213 994 280 1048 Nor.
301 995 361 1046 116.
380 997 489 1047 Gallicus
503 998 572 1060 aris,
585 997 641 1049 cali
652 1008 761 1049 tractus.
773 995 825 1048 Alii
834 995 966 1061 Galliam,
975 1005 1097 1066 respectu
1104 995 1196 1046 Roma
1206 991 1242 1046 ad

176 1076 272 1148 polum
282 1076 431 1142 arcticum,
446 1096 493 1131 seu
503 1080 704 1151 septemtriones
713 1090 878 1150 vergentem,
889 1080 936 1130 alii
949 1097 1013 1132 vero
1026 1077 1132 1141 Gallos,
1145 1075 1242 1130 eredis

176 1159 221 1212 vel
232 1157 313 1210 carris
324 1173 474 1230 pugnantes
484 1160 561 1228 (vide
571 1164 635 1215 Cas.
648 1163 677 1214 B.
693 1161 726 1214 G.
740 1164 768 1226 Ι,
780 1163 844 1230 51),
862 1161 996 1233 designari
1006 1173 1109 1232 putant.
1119 1190 1155 1200 -
1166 1161 1244 1210 Galli·

176 1260 219 1292 σω
230 1244 287 1292 aeis
299 1239 378 1296 docte
390 1243 490 1296 dicitur
503 1245 608 1305 Gallia,
622 1257 653 1297 ut
666 1244 808 1318 Illyricum
822 1263 884 1297 mox
894 1248 1014 1312 Ityn'enm
1026 1249 1104 1308 latas,
1116 1243 1244 1315 quoniam

177 1325 207 1378 in
223 1325 333 1396 longum
351 1340 391 1380 est
408 1341 572 1400 porrectum,
591 1329 738 1383 secuudum
756 1329 820 1382 litus
841 1328 921 1381 maris
941 1326 1093 1380 Hadriatici
1112 1325 1245 1380 dextrum.

178 1408 258 1460 Conf.
270 1410 360 1464 Heius.
372 1409 407 1464 ad
418 1411 499 1464 ovid.
513 1414 598 1485 Epist.
614 1414 678 1466 Her.
695 1414 765 1472 xlt.
780 1429 820 1482 27.
840 1413 908 1465 Cum
926 1409 1032 1464 delectu
1048 1423 1136 1463 autem
1149 1427 1248 1461 memo·

175 1504 273 1543 rantur
282 1492 334 1545 hoc
344 1494 404 1546 loco
419 1495 615 1549 bellicosissimi
631 1497 740 1567 populi,
759 1497 889 1567 Hispani,
902 1495 973 1548 Galli
986 1509 1012 1548 et
1027 1494 1123 1568 Illyrii.
1142 1494 1247 1548 Horum

178 1581 190 1644 (
197 1575 366 1648 Illyriorum)
380 1579 477 1634 ferocia
489 1581 530 1636 vel
543 1581 674 1633 tironibus
685 1592 748 1632 uota
758 1598 789 1632 ex
799 1580 856 1632 Lis.
869 1579 908 1642 X,
921 1599 951 1644 ²3
962 1581 1023 1642 XL,
1034 1586 1081 1642 4η
1092 1578 1185 1639 XLII,
1196 1580 1246 1640 263

178 1659 279 1724 thV,
289 1678 333 1731 ²73
342 1662 413 1716 Flor.
427 1663 467 1726 ΙΙ,
476 1665 500 1727 5,
511 1677 538 1718 et
550 1666 588 1718 ss.
601 1665 633 1716 In
644 1662 801 1733 Hispaniam
809 1662 1002 1734 Illyricumque
1008 1661 1116 1714 luxuria
1124 1657 1247 1714 noudum

178 1741 391 1814 immigraverat,
404 1759 430 1800 et
440 1745 527 1799 Gallia
539 1764 643 1818 semper
652 1746 800 1800 inclinabat
808 1744 845 1799 ad
854 1745 1003 1799 seditiones.

215 1881 283 1929 Vsa.
304 1891 361 1944 11'7.
378 1883 515 1950 Ithacique
527 1885 593 1933 latus
605 1885 663 1947 legit
675 1883 707 1931 N.
721 1882 806 1931 Heius.
821 1881 853 1930 ad
866 1882 940 1930 osid.
958 1884 1017 1929 Her.
1031 1882 1099 1941 x11,
1113 1895 1154 1939 ap.
1166 1905 1201 1915 —
1216 1879 1249 1925 Et

180 1961 249 2010 abest
259 1981 272 2012 a
285 1967 325 2015 16.
335 1993 369 2004 -·-
378 1967 443 2027 Istis,
450 1983 464 2015 a
471 1984 492 2017 1.
500 1966 574 2032 lpsis,
587 1981 627 2015 ao.

216 2055 285 2109 Nor.
308 2075 366 2128 ¹¹7·
387 2064 506 2110 Messores
518 2060 572 2111 boo
581 2059 643 2111 loco
655 2076 710 2110 non
721 2069 783 2110 sunt
792 2055 928 2130 AEgyptii,
943 2055 1002 2119 sed,
1014 2052 1087 2127 quod
1098 2073 1131 2107 ex
1145 2071 1184 2106 vs.
1197 2069 1246 2105 rso

180 2138 348 2211 intelligitur,
362 2142 432 2205 atri,
447 2142 546 2213 quibus
558 2141 637 2193 Italia
646 2141 790 2193 maximam
805 2139 931 2192 frumeuti
943 2139 1049 2211 copiam
1059 2138 1184 2191 debehat.
1202 2136 1248 2189 Sic

181 2231 209 2273 ct
222 2241 314 2273 messor
320 2227 409 2285 Arabs,
419 2226 502 2277 Mart.
511 2224 570 2288 ΙΙΙ,
582 2223 626 2284 65,
641 2223 664 2274 5.
679 2226 719 2276 De
731 2223 866 2277 fertilitate
877 2223 981 2296 Lybie,
995 2221 1066 2274 unde
1076 2221 1169 2292 iugens
1179 2237 1248 2292 sape

181 2303 223 2356 vis
233 2305 358 2358 frumenti
367 2308 481 2359 Romam
491 2305 611 2369 advecta,
622 2320 649 2359 et
657 2304 691 2360 de
697 2307 826 2359 classibus
836 2304 1014 2359 Alexandrina
1023 2317 1103 2377 atque
1110 2304 1246 2367 Africana,

182 2403 298 2458 quarum
311 2388 358 2440 illa
368 2389 403 2440 ab
416 2391 550 2460 Augusto,
562 2389 619 2441 bac
633 2407 649 2441 a
662 2388 810 2442 Commodo
822 2390 954 2452 instituta,
967 2387 1029 2443 vide
1042 2389 1112 2441 Plin.
1127 2388 1162 2450 V,
1178 2393 1205 2449 4,
1222 2394 1250 2437 et

182 2471 220 2522 al.
233 2480 240 2506 ¹
256 2475 342 2526 Locum
353 2485 453 2538 nostes,
463 2471 551 2544 judice
559 2473 702 2544 Grangseo,
714 2471 869 2544 desumptus
879 2493 911 2526 ex
920 2474 1057 2536 Varrone,
1072 2470 1105 2524 de
1119 2472 1157 2522 Re
1172 2471 1248 2522 Rust.

184 2555 301 2608 «Manus
319 2573 426 2610 movere
442 2558 595 2610 maluerunt
609 2557 637 2608 in
652 2557 756 2608 theatro
773 2569 799 2609 et
816 2556 904 2620 circo,
924 2574 1006 2627 quam
1021 2555 1050 2608 in
1065 2554 1198 2626 segetibus
1217 2570 1249 2605 ac

182 2637 281 2691 vinetis
291 2654 299 2688 ε
311 2637 474 2694 frumentum
485 2639 614 2703 locamus,
629 2639 675 2711 qui
688 2639 766 2691 nobis
781 2637 912 2704 advehet,
931 2639 979 2710 qui
994 2639 1078 2692 saturi
1092 2638 1200 2701 fiamus,
1216 2653 1249 2688 ex

184 2721 275 2777 Africa
288 2735 315 2776 et
327 2723 481 2778 Sardinia.»
499 2753 534 2764 -
547 2724 611 2778 vid.
626 2727 759 2790 Crommer,
769 2743 832 2797 pag.
845 2724 905 2776 322.
923 2725 977 2777 En.

220 2861 288 2908 Vas.
310 2862 368 2909 118.
388 2859 438 2925 Qui
452 2871 566 2908 saturant
577 2860 682 2922 tamara,
695 2860 744 2910 hoc
761 2871 809 2923 est,
823 2861 921 2926 plebem
933 2876 1074 2920 romanam,
1085 2859 1175 2924 warig.
1187 2859 1249 2906 Dor·

184 2941 264 2991 leores.
276 2969 311 2978 -
326 2941 409 3002 Cissis,
425 2952 464 3003 rt,
480 2959 519 3004 17,
534 2959 576 3004 ao,
588 2958 630 2990 ar.
1102 3009 1105 3014 Ι

222 3037 290 3088 Nor.
312 3038 370 3090 118.
389 3038 471 3090 Poeta
488 3037 574 3092 facete
585 3035 695 3102 suadet,
707 3050 739 3090 at
751 3036 848 3090 dirior.
860 3049 1000 3109 parcatur,
1014 3055 1048 3090 na
1061 3034 1175 3089 Romani
1189 3053 1251 3088 esu·

184 3119 271 3183 siant,
280 3132 307 3172 et
315 3127 479 3192 σαρκαστικῶς
490 3123 601 3174 Romam
613 3119 731 3191 appellat
740 3124 824 3170 arbem
833 3123 897 3172 es'roo
905 3139 1032 3189 scenaque
1040 3133 1185 3183 aeman,
1196 3119 1250 3172 hoe

184 3217 238 3264 est,
251 3202 322 3256 ludis
334 3203 497 3258 circensibus
507 3218 586 3276 atque
597 3203 775 3256 theatralibus
785 3203 903 3276 impense
914 3203 1096 3276 indulgentem
1105 3223 1151 3257 seu
1163 3203 1250 3257 inten-

185 3299 257 3352 tam;
276 3304 331 3357 quo
349 3286 428 3339 simul
445 3287 546 3344 innuit.
565 3289 700 3339 Romanos
713 3297 739 3337 et
751 3283 786 3337 ab
800 3302 865 3354 agro
879 3284 993 3338 colendo
1006 3287 1159 3357 rusticoque
1170 3301 1251 3355 opere

140 3403 142 3418 .
186 3362 300 3436 alienos,
319 3385 345 3426 et
360 3372 454 3426 molles
466 3387 546 3444 atque
558 3373 677 3426 imbelles
693 3391 757 3425 esse.
778 3370 876 3424 Confer
890 3370 946 3434 ΙΙΙ,
964 3371 1013 3423 aad
1024 3392 1032 3438 3
1044 3374 1086 3438 X,
1106 3373 1152 3434 80,
1166 3371 1209 3435 81,
1224 3381 1251 3424 et

186 3453 244 3516 XI,
259 3454 300 3507 53.
312 3455 429 3508 Hennin.
442 3456 588 3518 existimat,
602 3455 699 3508 acerbo
712 3454 792 3508 etiam
804 3472 895 3507 morsu
907 3454 1027 3507 vellicari
1039 3452 1190 3510 socordiam
1201 3471 1250 3524 po·

185 3535 244 3608 puli
256 3538 373 3602 romani,
386 3537 448 3610 qui,
462 3535 533 3592 ludis
547 3535 665 3603 deditus,
679 3550 705 3590 et
718 3551 774 3591 arte
787 3537 984 3592 dominantium
996 3538 1033 3590 ita
1046 3549 1202 3608 occupatus,
1217 3535 1251 3595 de

186 3621 262 3674 nulla
275 3641 303 3676 re
314 3622 416 3690 minus,
428 3642 509 3696 quam
521 3621 554 3677 de
565 3623 662 3681 amissa
674 3623 798 3676 libertate
808 3622 992 3694 recuperanda
1007 3622 1140 3692 cogitarit.
1151 3650 1186 3661 —
1198 3625 1264 3672 Vsa·

187 3723 283 3760 contem
292 3711 365 3769 circo,
376 3720 405 3759 ut
416 3723 546 3760 nemmem
557 3713 627 3774 lusto,
636 3707 713 3779 ,apud
727 3707 810 3760 Rutil.
822 3707 885 3761 ltin.
897 3710 925 3772 Ι,
937 3709 996 3778 377,
1010 3706 1058 3760 ubi
1067 3705 1122 3760 rid.
1134 3706 1250 3760 werns-

189 3789 259 3842 dorl.
271 3792 344 3844 Post.
356 3793 414 3845 lat.
424 3792 489 3847 min.
502 3806 566 3846 tom.
577 3795 612 3858 V,
622 3811 685 3865 pag.
697 3791 757 3847 5⁵6.
769 3793 836 3844 Cimo
845 3811 969 3862 scenaque
977 3806 1125 3854 comatam,
1134 3802 1166 3843 ut
1176 3789 1252 3862 apud

189 3874 257 3926 Tac.
271 3874 340 3927 Hist
353 3875 380 3940 Ι,
395 3881 425 3938 4:
439 3877 536 3930 «Plebs
546 3875 656 3930 sordida
666 3888 693 3930 et
704 3875 775 3930 circo
789 3895 820 3930 ac
833 3877 944 3932 theatris
956 3888 1060 3930 sueta.»
1076 3877 1207 3928 ememor.

598 4013 827 4036 {mmm

225 4108 234 4133 ¹
254 4099 366 4148 Boebmt.
385 4099 491 4166 Phaleg,
508 4119 563 4168 pag.
582 4105 634 4154 535
647 4122 697 4169 seq.
715 4101 1016 4154 samosetanum.
1033 4101 1099 4152 Gild.
1111 4118 1147 4152 rs.
1159 4103 1189 4152 51
1200 4119 1250 4166 seq.

188 4195 212 4231 et
222 4185 287 4248 hips.
297 4183 370 4232 Eleot.
380 4187 405 4244 1,
417 4185 441 4231 8.
