3148 4990
426 460 478 524 IN
511 461 742 530 SA'I'IRAM
770 463 988 530 PRIMAM.
1202 474 1243 542 35

170 571 275 645 proprio
287 571 398 626 nomine
411 573 588 644 appellaretur
598 579 721 644 stupidus,
735 575 834 630 Ovidio
846 576 865 629 l.
879 576 898 630 l.
916 581 1009 632 sanes.
1027 580 1109 654 Csrjus
1126 603 1245 657 person„

172 661 306 733 proprium
318 673 376 716 erat
395 675 471 733 eaput
483 682 580 723 marn,
594 662 712 716 calvities
725 663 874 718 morionum
892 664 1013 718 solemnis
1024 685 1033 730 ;
1052 667 1122 722 conl.
1142 671 1242 729 Aruob.

172 743 230 797 adv.
251 743 350 798 Gentes
369 744 420 798 lib.
436 744 510 810 vll,
526 763 554 816 p.
573 743 626 798 ioo
639 746 805 811 (danuam
817 749 961 815 stupidorum
977 751 1093 816 capitibus
1104 756 1182 816 maia,
1197 758 1246 812 ubi

173 846 199 880 v.
210 829 272 880 Dea.
288 827 397 882 IIerald.
413 847 441 900 p.
458 829 547 896 416),
560 839 586 880 et
601 827 728 899 Cyprian.
743 826 777 880 de
795 828 914 900 spectac.
928 829 999 901 Opp.
1013 829 1054 884 ed.
1071 833 1154 888 Aust.
1169 853 1196 908 p.
1209 844 1244 906 4,

175 937 187 960 ι
197 912 359 965 aeneades
371 910 582 978 inverecundos,
595 911 728 982 aga-uum
739 912 878 984 strophas,
894 913 1072 970 adulterorum
1085 915 1243 978 fallacias...

174 997 244 1070 ipsos
255 1015 364 1070 quoqne
377 1009 465 1068 patres
478 997 590 1050 familias
608 1009 724 1069 toqstoa,
742 995 822 1050 modo
834 997 970 1069 stupidos,
984 999 1064 1056 modo
1076 1002 1219 1060 obscenos.
1232 1033 1243 1054 .

176 1081 231 1132 aus
243 1082 326 1134 multa
342 1079 413 1133 harae
430 1081 459 1132 in
474 1075 531 1134 rena
547 1080 624 1134 docta
640 1097 720 1134 mauu
737 1080 841 1151 collegit
857 1079 984 1134 Miillerus
996 1081 1032 1136 de
1044 1099 1099 1136 evo
1111 1085 1244 1144 Theodec.

175 1165 206 1217 P.
217 1165 244 1216 II
254 1205 262 1230 ,
275 1185 301 1218 c.
313 1181 339 1232 9.
354 1164 424 1218 ttiac
434 1176 462 1216 et
470 1165 598 1236 originem
610 1163 689 1217 traxit
699 1164 837 1236 antiquum
849 1164 960 1218 verbum
970 1170 1065 1218 calvare
1075 1180 1102 1221 et
1111 1174 1189 1233 calvi,
1200 1173 1247 1228 do·

176 1260 250 1300 cente
260 1247 349 1300 Nonio
356 1247 440 1300 Marc.
449 1265 478 1318 p.
488 1249 514 1299 6.
526 1247 644 1300 Verbum
654 1247 730 1300 evita
741 1247 875 1300 communi
882 1247 910 1300 in
920 1251 963 1321 jus
972 1263 1146 1323 aasnmptnm3
1153 1273 1179 1308 v.
1187 1255 1245 1310 Me.

177 1349 235 1401 mg.
250 1331 278 1382 in
290 1329 364 1384 Jnria
376 1330 429 1384 civ.
444 1329 595 1382 amaenitatt.
610 1349 638 1402 p.
651 1331 720 1395 2645
734 1330 833 1384 Duker.
849 1329 882 1384 de
892 1330 985 1386 latinit.
999 1334 1245 1403 jurisconsultorum

176 1430 203 1481 p.
224 1407 292 1475 163,
313 1422 338 1464 et
351 1410 440 1464 Vales.
455 1408 491 1464 ad
503 1409 632 1462 Immiaa.
645 1408 743 1476 XXX,
757 1415 791 1475 4,
810 1421 875 1464 esu.
890 1407 942 1462 Sed
953 1415 1036 1474 eali-aaa
1054 1414 1138 1468 morIo
1147 1455 1155 1480 ,
1164 1407 1248 1490 pupis

177 1479 325 1560 eampis,
339 1508 423 1561 quum
443 1501 578 1561 tantopere
593 1489 621 1540 in
635 1487 736 1541 deliciis
756 1488 834 1541 luerit
847 1491 922 1557 (nam
936 1489 996 1543 leno
1010 1510 1116 1564 quoque
1128 1494 1156 1545 in
1169 1515 1246 1550 seem

177 1560 312 1642 eampis
320 1567 517 1642 producebatur
526 1579 649 1622 etservm
659 1587 667 1634 ;
679 1565 734 1620 vid.
744 1566 836 1619 Pollux
846 1568 896 1634 IV,
911 1569 974 1635 145,
988 1583 1012 1622 et
1028 1571 1112 1640 150),
1126 1576 1194 1628 scire
1207 1577 1249 1628 in·

178 1664 256 1706 torcat
266 1651 396 1704 rationem
408 1650 508 1704 inventi
518 1662 543 1703 et
552 1649 697 1722 originem,
710 1668 789 1722 qnam
799 1652 963 1725 pretermisit
972 1653 1080 1708 Salmas.
1094 1655 1128 1709 ad
1139 1657 1248 1732 Scriptt.

176 1733 241 1788 hist.
254 1735 323 1806 Aug.
339 1753 368 1806 p,
382 1732 443 1786 385.
465 1733 597 1786 Nimirum
609 1752 651 1786 res
670 1732 748 1788 ducta
765 1753 797 1788 ex
811 1735 905 1790 sabulis
918 1735 1033 1790 Satiricis
1050 1737 1202 1793 Graecorum
1218 1761 1249 1795 ac

178 1819 299 1872 translata
313 1839 328 1870 a
346 1817 458 1884 Silonis,
476 1819 593 1890 quorum
610 1817 638 1867 in
655 1816 711 1870 istis
732 1819 872 1890 conspicua
891 1819 1006 1874 calvities
1026 1824 1070 1890 (v.
1087 1822 1129 1876 vel
1142 1823 1247 1898 Xenop.

178 1901 301 1976 Sympos.
316 1899 368 1966 IV,
385 1917 434 1968 19,
449 1899 538 1970 ibique
549 1893 674 1950 Schneid.
685 1900 713 1966 ),
726 1899 760 1952 ad
769 1919 939 1974 quoscunque
952 1902 1081 1964 moriones
1094 1923 1167 1958 venes
1178 1920 1203 1960 et
1216 1908 1251 1960 ri·

178 1979 265 2034 dicula
282 1979 379 2052 capita.
399 1977 478 2032 Coni.
498 1975 617 2029 Juvenal.
632 1975 669 2043 V,
686 1996 752 2048 171,
778 1996 836 2050 ¹7²·
850 1979 950 2034 Stultus
962 2000 995 2034 ne
1008 1982 1087 2036 simul
1105 1977 1252 2060 atpacpipar

177 2063 286 2138 prodire
307 2063 334 2114 in
353 2073 523 2134 conspectum
537 2058 660 2126 deberet,
680 2071 705 2114 et
721 2061 772 2134 ipsi
790 2060 872 2114 Sileni
884 2063 1045 2131 olfecerunt,
1066 2080 1156 2138 utpote
1174 2068 1251 2140 plane

179 2162 298 2222 expertes
314 2147 372 2200 talis
390 2143 432 2198 vel
445 2145 531 2201 oneris
543 2143 586 2195 vel
605 2155 729 2196 ornatus:
751 2163 901 2216 quanquam
920 2145 949 2197 in
964 2147 1016 2199 vita
1030 2151 1164 2202 communi
1177 2151 1252 2205 istius

178 2231 281 2304 gener-is
295 2219 388 2298 aima
397 2229 452 2300 jam
464 2226 534 2299 apud
543 2235 642 2279 veteres
655 2222 792 2294 vigebant3
804 2244 830 2278 v.
840 2224 968 2292 Artemid,
985 2227 1124 2282 Oneirocr.
1142 2229 1187 2296 11,
1204 2249 1252 2298 ra,

178 2336 206 2389 p.
225 2313 287 2380 15⁵,
300 2311 380 2366 Ileili.
399 2311 504 2364 Jacobs.
518 2311 551 2364 ad
564 2309 661 2364 Lucilii
678 2307 768 2382 Epigr.
788 2305 845 2374 1x;
865 2307 1065 2378 Animadv.11,
1084 2331 1118 2378 a,
1137 2331 1165 2386 p.
1181 2317 1250 2380 444;

180 2397 307 2451 Huschke
318 2397 347 2448 in
363 2393 439 2448 Anal.
457 2394 515 2448 orit.
535 2414 562 2465 p.
582 2394 646 2460 168,
666 2405 690 2444 et
704 2390 828 2444 Henelius
845 2389 900 2442 Otii
913 2390 1052 2448 Vratislav.
1072 2413 1095 2448 c.
1116 2400 1159 2465 47,
1174 2395 1252 2448 0012.

180 2483 296 2557 pbornm
311 2481 499 2552 alaparumque
516 2477 618 2550 injuriis
633 2475 701 2528 nibil
718 2475 878 2546 frequentius
896 2473 923 2525 in
940 2475 1037 2542 mimo,
1054 2489 1132 2547 atque
1144 2477 1253 2532 istarum

180 2567 290 2620 omnino
296 2565 373 2620 valde
379 2574 519 2619 consuetus
528 2558 630 2614 inludia
637 2559 749 2612 mimicis
758 2559 854 2612 abusus
861 2557 919 2610 luit.
929 2558 971 2612 CI.
981 2559 1102 2613 Juvenal.
1110 2560 1164 2619 Sat.
1173 2563 1252 2628 VIII,

184 2669 244 2718 ¹9²·
258 2650 314 2704 llac
327 2647 485 2703 scurrilitate
496 2645 585 2698 multis
598 2645 730 2715 variisque
743 2639 828 2694 modis
842 2639 986 2694 utebantur
994 2641 1146 2714 planipedes
1158 2643 1191 2696 ad
1203 2661 1253 2716 po·

180 2736 238 2808 puli
250 2733 390 2806 spemanffl
406 2729 616 2784 delectationem.
630 2725 762 2780 Nonnulla
774 2723 809 2778 ad
821 2743 875 2777 rem
889 2737 948 2797 apte
961 2726 1061 2779 notavit
1072 2727 1177 2782 Miiller.
1191 2729 1210 2782 l.
1225 2749 1251 2784 o.

181 2835 209 2886 p.
223 2831 268 2882 9²·
282 2809 459 2866 Discernenda
477 2821 564 2864 autem
582 2808 661 2880 hujus
681 2805 829 2878 ignominie
841 2804 938 2876 duplex
959 2806 1040 2872 ratio,
1056 2825 1109 2860 una
1121 2796 1254 2866 sardibus

182 2885 311 2964 iapida,
330 2892 408 2946 altera
426 2879 495 2958 μηδ
513 2881 598 2960 silias
612 2878 740 2952 aaudiat.
750 2883 842 2940 Deilla
855 2901 881 2935 v.
894 2882 963 2937 Toll.
973 2883 1007 2936 ad
1016 2883 1128 2954 longia.
1142 2903 1170 2957 p.
1186 2885 1253 2953 232,

182 2972 216 3026 de
229 2973 279 3026 hac
287 2973 441 3042 llarpocrat.
453 2969 518 3021 Lex.
528 2967 612 3020 Oratt.
624 2966 675 3019 sub
683 2957 726 3016 iarl
734 2961 829 3036 aa‘p'p‘ss,
839 2975 865 3014 et
873 2962 1021 3017 Hcmsterh.
1030 2962 1064 3016 ad
1073 2965 1183 3019 Lucian.
1195 2979 1215 3021 t.
1226 2967 1254 3028 1,

181 3075 209 3128 p.
226 3055 295 3122 493,
308 3055 365 3127 Ilip.
380 3053 473 3107 Gmns
486 3061 627 3120 utrumque
638 3049 665 3100 iu
677 3065 753 3100 scena
767 3045 959 3118 frequentatum
969 3047 1141 3104 effusissimos
1152 3051 1181 3103 in
1192 3052 1254 3105 anb-

181 3140 262 3194 aeiliia
275 3135 343 3192 risus
356 3137 460 3202 ciebat,
474 3130 580 3206 quando
591 3143 636 3186 ant
647 3131 741 3185 stultus
753 3127 835 3203 alapis
846 3145 875 3180 os
887 3129 1035 3202 prebebat,
1046 3143 1091 3184 sut
1105 3131 1159 3204 ipsa
1174 3133 1254 3186 mima

181 3221 301 3294 colaphis
313 3219 420 3290 indigue
432 3215 647 3291 pertundebator.
660 3215 759 3268 Recens
767 3211 915 3283 exemplum
924 3212 963 3286 rei
971 3225 1077 3280 vetustae
1085 3233 1128 3288 sp.
1139 3213 1251 3290 Procop.

179 3304 311 3360 Aneodot.
326 3305 473 3358 sumana.
487 3321 515 3373 p.
530 3307 563 3364 42
574 3339 583 3365 ,
595 3298 630 3352 de
641 3297 799 3365 Theodora,
813 3299 861 3352 iata
875 3298 972 3352 lamoaa
986 3297 1168 3371 imperatrice,
1179 3312 1255 3357 antea

180 3388 251 3440 inter
263 3387 357 3440 mimos
370 3384 518 3456 turpissima
533 3380 697 3482 prostibula,
715 3400 801 3476 neque
815 3395 901 3438 tamen
915 3382 1003 3436 minus
1016 3383 1117 3454 egregie
1134 3384 1164 3436 in
1178 3371 1258 3438 scena⁴

181 3468 266 3520 laeeta
278 3483 286 3518 :
300 3459 345 3520 asi
362 3459 464 3532 ranila
479 3481 518 3520 aas
530 3483 571 3529 av,
588 3453 629 3514 aeia
638 3453 792 3531 ῥκιζομη
806 3454 854 3530 pais
868 3478 896 3516 rs
909 3455 953 3514 nal
965 3451 1034 3531 aalys*
1044 3457 1131 3534 aiip'aa
1143 3473 1254 3530 relar-

181 3539 272 3618 aspsa'm
285 3535 440 3618 χιμιήἶζια
452 3563 480 3597 aa
492 3537 536 3596 aa>
545 3532 660 3610 prima
669 3533 870 3610 σἰιιαγχίζω.
883 3538 1002 3594 Notands
1015 3541 1102 3594 mima
1115 3541 1255 3609 festivitas,

182 3630 271 3701 abpas
283 3629 349 3684 salse
359 3625 493 3700 jocando,
512 3623 646 3678 interdum
657 3636 683 3678 et
697 3624 754 3677 luae
771 3621 900 3690 ridendo,
918 3623 1079 3696 excipientis.
1092 3653 1129 3665 -
1140 3624 1191 3677 Sed
1205 3625 1256 3678 rni-

183 3713 260 3765 mic·
270 3710 395 3776 actionis,
408 3707 512 3780 qualem
521 3719 607 3760 mente
616 3706 787 3761 informamus
797 3747 805 3771 ,
815 3717 895 3759 restat
902 3717 993 3778 quarta
1006 3704 1121 3777 denique
1129 3723 1257 3778 manna,

182 3813 292 3860 servas,
305 3792 464 3866 flagitiorum
475 3831 483 3857 ,
495 3801 577 3862 puto,
590 3787 710 3841 conscius
722 3807 753 3840 ac
766 3801 899 3859 promtum
911 3806 969 3842 sese
982 3787 1095 3842 dominat
1108 3789 1256 3844 minianum

182 3879 310 3952 μύω.
326 3877 458 3947 Cofflpue
468 3873 497 3927 id
509 3875 570 3928 licet
582 3891 614 3925 ex
626 3872 739 3943 Capitol.
754 3872 781 3924 iu
793 3872 832 3926 Μ.
847 3875 944 3926 Anton.
956 3873 1007 3925 snb
1018 3873 1065 3926 iia.
1080 3891 1139 3945 pag.
1155 3872 1206 3942 34,
1219 3878 1253 3930 D.

181 3963 291 4016 salum„
304 3985 316 4006 .
331 3960 394 4012 Haec
407 3957 501 4011 Ileinr.
513 3996 521 4022 ,
534 3955 728 4028 probabiliora,
742 3973 822 4026 quam
833 3973 892 4026 qne
905 3953 933 4006 h.
948 3954 967 4007 l.
980 3952 1146 4026 disputarunt
1160 3957 1256 4010 ¹inaer.

607 4093 789 4113 mmm
792 4093 837 4110 Μ

217 4196 227 4220 ¹
259 4189 342 4252 Vulgo
364 4193 471 4252 putant,
495 4195 593 4249 poetam
614 4180 760 4244 ostendere,
779 4197 812 4230 ue
830 4179 944 4230 homines
963 4179 1064 4244 quiden
1082 4191 1162 4246 gratos
1179 4183 1257 4246 impe-

1071 4263 1100 4328 3.
