3108 4986
475 377 666 442 sanans
689 377 901 460 Quium.
1162 379 1223 472 287

146 487 257 576 Quam
274 487 344 558 fuit
360 504 396 558 et
411 489 500 560 Tulli
517 516 637 561 census
653 493 835 587 pugnacis,
854 507 889 562 et
904 491 1010 578 Anci,

148 601 207 683 Et,
225 623 271 667 ne
289 613 325 668 te
343 615 496 688 teneam,
514 605 747 672 Romanorum
763 603 879 672 omnia
895 627 1013 698 regum

150 708 301 779 lrivola:
320 712 415 805 quod
431 707 537 806 quum
554 715 602 782 ita
617 715 677 804 sit,
697 729 734 783 tu
754 712 925 784 Gaetulum
943 713 1176 807 Ganymedem

150 819 319 912 Respice,
337 844 445 914 quum
462 823 567 892 sities.
585 823 705 892 Nescit
720 837 772 892 tot
786 821 933 890 millibus
949 837 1083 917 emptus
1191 843 1228 894 oo

150 931 364 1026 Pauperibus
379 934 520 1003 miscere
536 959 644 1030 puer:
661 934 720 1004 sed
737 934 863 1020 forma,
879 934 938 1002 sed
956 950 1034 1004 aetas

152 1041 263 1135 Digna
280 1042 475 1137 supercilio.
492 1045 638 1132 Quando
655 1044 698 1112 ad
716 1059 749 1112 tc
766 1044 921 1138 pervenit
936 1042 1014 1112 ille?

152 1149 299 1237 Quando
318 1167 457 1221 vocatus
473 1153 566 1222 adest
583 1153 697 1224 calidae
713 1153 901 1250 gelidaeque
918 1151 1091 1224 minister?
1168 1165 1172 1174 ’

153 1258 293 1354 Quippe
309 1259 507 1356 indignatur
522 1263 629 1331 veteri
650 1288 768 1358 parere
785 1263 916 1349 clienti,

155 1367 325 1462 Quodque
342 1369 470 1464 aliquid
486 1395 621 1465 poscas,
639 1388 674 1441 et
689 1372 781 1467 quod
797 1397 831 1441 se
848 1387 958 1440 stante
973 1373 1160 1442 recumbas.
1194 1388 1228 1442 65

157 1478 304 1546 Maxima
320 1503 462 1572 quasque
479 1481 598 1549 domus
616 1482 721 1549 servis
740 1496 791 1550 est
807 1480 907 1575 plena
922 1482 1086 1576 superbis.

203 1589 294 1656 Ecce
311 1585 396 1655 alius
412 1602 539 1680 quanto
554 1590 707 1683 porrexit
723 1614 898 1658 murmure
915 1614 1036 1683 panem

157 1696 221 1765 Vix
237 1695 404 1782 fractum,
422 1694 535 1766 solidae
549 1697 619 1790 jam
635 1698 769 1768 mucida
786 1689 892 1768 frusta
908 1699 1042 1786 farinas,

157 1805 240 1904 Quae
257 1807 445 1902 genuinum
463 1807 609 1900 agitent,
627 1833 697 1876 non
713 1808 924 1878 admittentia
941 1808 1107 1879 morsum!

107 1922 110 1927 ’
158 1915 223 1983 Sed
240 1930 358 2002 tener,
376 1930 410 1984 et
424 1915 561 2002 niveus,
578 1916 738 2012 mollique
755 1918 887 2014 siligine
902 1917 1010 1988 factus
1198 1953 1232 2004 γυ

158 2027 320 2093 Servatur
336 2024 474 2094 domino
491 2049 500 2091 τ
518 2023 668 2095 dextram
687 2027 846 2095 cohibere
863 2042 1043 2096 memento.

158 2133 254 2202 Salva
269 2135 313 2204 sit
330 2135 484 2229 artocopi
501 2135 714 2204 reverentia:
732 2135 824 2227 finge
841 2150 955 2206 tamen
972 2151 1005 2203 te
1023 2171 1025 2176 ·

159 2243 413 2340 Improbulum3
430 2259 583 2338 superest
599 2243 688 2330 illic,
705 2245 765 2338 qui
782 2269 910 2340 ponere
927 2259 1035 2340 cogat.

159 2472 292 2536 emptam,
308 2479 395 2536 qnam
411 2473 550 2535 quantum
569 2464 685 2519 valuere
704 2479 773 2537 opes
792 2462 870 2518 Tulli
889 2461 1005 2518 Hostilii
1021 2461 1189 2529 bellatoris,
1205 2473 1234 2518 et

159 2555 235 2610 Anci
249 2554 373 2624 Marcii,
388 2565 431 2624 et,
443 2573 480 2612 ne
494 2566 521 2612 te
532 2573 646 2625 morer,
666 2555 760 2611 omnis
775 2566 938 2611 ceterorum
954 2557 1053 2610 Romae
1068 2573 1169 2629 regum
1186 2574 1234 2612 su-

161 2648 256 2723 pellex
272 2647 432 2705 delicatior.
449 2651 568 2722 Itnque,
589 2647 727 2723 qnoniam
746 2648 786 2704 sic
805 2665 834 2703 se
855 2666 900 2702 res
915 2646 1018 2716 habet,
1032 2665 1122 2720 quum
1134 2655 1161 2702 te
1174 2645 1235 2702 sitis
1325 2672 1330 2683 ι

160 2751 290 2814 premet,
302 2740 427 2813 respice,
438 2749 467 2795 et
475 2758 547 2795 voca
561 2739 643 2796 illum
659 2751 741 2796 tunm
755 2759 770 2795 e
785 2739 906 2796 Gaetulia
917 2738 1113 2814 Ganymedem
1127 2750 1155 2796 et
1170 2739 1235 2812 pin-

161 2850 289 2888 cernam.
299 2831 440 2888 lsteenim
450 2833 563 2908 elegans
573 2850 653 2906 puer,
662 2842 899 2888 totnnmmorum
907 2829 1035 2886 millibus
1045 2841 1235 2904 comparatam

160 2943 221 2980 non
243 2922 383 2998 dignatur
402 2923 506 2997 pocula
527 2923 701 2998 pauperibus
719 2923 907 2980 ministrare:
928 2941 982 2978 nee
996 2922 1121 2992 mirum,
1135 2921 1160 2978 si
1178 2933 1236 2981 tam

160 3014 305 3090 superbus
317 3025 375 3084 est,
389 3032 476 3088 quem
492 3026 521 3070 et
536 3013 590 3070 llos
606 3015 711 3084 atatis,
729 3025 759 3070 et
773 3015 874 3070 formae
888 3015 1073 3072 commendet
1087 3015 1235 3091 elegantia.

160 3099 263 3182 Neque'
272 3106 322 3162 ille
334 3116 446 3162 tantum
458 3117 486 3162 te
498 3105 634 3181 despicit,
643 3107 695 3164 sed
702 3107 774 3162 alius
785 3107 870 3162 etiam
882 3107 933 3181 qui
945 3108 1065 3164 calidam
1075 3119 1104 3164 et
1113 3107 1236 3184 gelidam

158 3218 262 3273 aquam
276 3197 407 3254 convivis
417 3197 559 3253 ministrat
570 3220 577 3252 :
589 3217 625 3254 an
636 3217 701 3254 cum
713 3218 840 3272 unquam
853 3198 890 3254 ad
904 3209 932 3254 te
945 3199 1130 3256 accedentem
1141 3197 1236 3269 vides,

160 3291 212 3346 etsi
227 3289 332 3365 saepius
345 3289 548 3346 inclamatum?
558 3291 670 3364 Nempe
685 3289 865 3363 iniquissimo
878 3290 975 3346 aninm
990 3289 1046 3346 fert
1057 3309 1169 3346 morem
1184 3291 1237 3346 tibi

161 3383 272 3458 aliquid
283 3383 394 3457 petenti
404 3401 520 3458 gerere,
535 3383 666 3456 quamvis
678 3393 761 3439 vetus
774 3381 812 3440 sis
826 3381 928 3452 cliens;
944 3402 996 3440 nec
1009 3395 1037 3440 te
1048 3383 1139 3440 oculis
1150 3383 1236 3457 aequis

162 3495 267 3532 mensa
285 3475 504 3531 accumbentem
519 3474 628 3542 cernit,
642 3472 712 3528 dum
729 3473 789 3547 ipse
807 3485 870 3529 stat.
884 3475 926 3531 Ut
942 3493 1062 3549 quaeque
1077 3475 1180 3532 domus
1196 3485 1237 3532 est

161 3567 317 3625 lautissima
327 3609 336 3638 ,
345 3567 384 3622 ita
397 3566 520 3624 maxime
533 3566 622 3624 servis
635 3565 837 3641 arrogantibus
847 3566 984 3622 abundat.

200 3664 249 3733 67.
272 3663 335 3732 Eu,
352 3659 424 3718 alius
439 3660 569 3718 minister
587 3679 673 3734 qmm
693 3659 927 3735 indignabundus
944 3672 972 3716 et
989 3679 1237 3718 commurmurans

164 3755 271 3812 obtulit
294 3754 350 3810 tibi
373 3773 477 3828 panem
496 3771 571 3829 aegre
588 3753 727 3822 fractum,
743 3771 830 3827 quem
845 3751 942 3810 verius
962 3752 1070 3809 dixeris
1090 3752 1237 3810 mucidum

163 3850 262 3905 lamnae
278 3849 354 3904 male
366 3847 489 3903 subactae
506 3858 537 3905 et
549 3848 599 3902 vix
613 3859 701 3903 conte
712 3846 850 3913 frustum,
864 3845 1002 3902 idoneum
1015 3846 1046 3901 iu
1059 3865 1118 3920 quo
1133 3845 1237 3903 delati-

164 3951 271 4016 geutur
280 3939 406 3996 molares
419 3939 535 4010 dentes,
546 3950 579 3994 ut
591 3939 664 3994 illud
673 3938 870 3996 comminuere
881 3937 1005 4012 possint!
1019 3948 1048 3994 at
1059 3939 1140 4013 panis
1157 3949 1238 3994 tener

166 4044 193 4088 et
210 4031 374 4100 candidus,
388 4051 404 4088 e
426 4031 508 4088 molli
525 4029 671 4088 consectus
687 4030 816 4107 siligine,
836 4031 956 4088 domiuo
975 4041 1147 4088 reservatur.
1164 4031 1239 4088 Vide

167 4141 202 4181 ne
211 4125 293 4180 illum
302 4142 390 4180 manu
398 4123 521 4199 attingas
529 4145 536 4179 ε
544 4120 587 4180 illi
597 4123 737 4180 honorem
746 4123 868 4194 habeto„
880 4122 932 4200 qui
940 4134 1014 4180 secat
1022 4141 1139 4197 panem
1148 4134 1175 4180 et
1183 4123 1239 4180 dis·
