3056 4984
323 479 386 548 358
593 481 635 544 D.
664 477 804 544 JUNII
831 475 1120 544 JUVENALIS

322 592 1195 690 mmmwmmm'

322 707 367 774 Et
383 705 471 792 ride,
487 706 659 801 scaphium
675 706 793 800 positis
807 729 913 798 quum
930 704 1073 772 sumitur
1088 703 1198 772 armis.

321 814 448 900 Dicite,
463 841 537 903 vos,
552 831 672 910 neptes
686 814 826 909 Lepidi,
841 815 963 884 caeoive
978 813 1126 896 Metelli,
1345 825 1394 880 stt

322 925 474 1018 Gurgitis
488 940 547 994 aut
561 925 669 1013 Fabii,
684 951 759 1019 quoe
774 924 865 993 ludia
880 923 1059 1019 sumpserit
1072 945 1221 1016 unquam

323 1037 394 1103 Hos
410 1035 564 1104 habitus?
576 1035 712 1130 quando
728 1035 770 1103 ad
784 1033 896 1130 palum
911 1049 1023 1127 gemat
1036 1056 1121 1102 uxor
1136 1029 1250 1126 Asyli?

372 1147 513 1242 Semper
526 1147 628 1215 habet
646 1145 739 1231 lites,
753 1145 948 1240 alternaque
962 1143 1076 1238 jurgia
1090 1140 1213 1229 lectus,

321 1255 364 1322 In
379 1280 446 1349 quo
459 1271 566 1350 nupta
576 1257 666 1349 jacet
682 1281 690 1323 :
705 1255 884 1323 minimum
899 1251 1065 1320 dormitur
1079 1250 1114 1318 in
1124 1249 1196 1319 illo.
1263 1241 1270 1252 ⁸

324 1365 421 1433 Tunc
435 1367 544 1458 gravis
559 1365 614 1436 illa
627 1367 716 1452 viro,
731 1379 814 1436 tunc
828 1355 910 1432 orba
923 1361 1045 1456 tigride
1062 1351 1170 1456 pejor.
1347 1393 1395 1445 270

323 1471 438 1561 Quum
455 1475 590 1544 simulat
604 1475 747 1570 gemitus
763 1471 886 1544 occulti
902 1471 1037 1541 conscia
1051 1469 1148 1555 lacti,

324 1585 395 1652 Aut
407 1583 479 1653 odit
494 1605 635 1679 pueros,
649 1600 708 1654 aut
723 1583 802 1653 ficta
818 1580 937 1678 pellice
952 1580 1077 1676 plorat,
1186 1671 1188 1678 Α
1207 1567 1211 1578 ’

324 1693 495 1764 Uberibus
512 1720 644 1791 semper
658 1694 828 1790 lacrymis,
845 1715 1045 1787 semperque
1061 1689 1185 1786 paratis

323 1805 366 1870 In
383 1805 525 1874 statione
539 1828 618 1892 sua,
631 1819 732 1900 atque
748 1802 1017 1900 exspectantibus
1030 1793 1137 1887 illam,

323 1910 403 1998 Quo
416 1912 534 2005 jubeat
549 1937 684 2000 manare
698 1913 801 1982 modo
816 1939 825 1981 ε
843 1928 880 1982 tu
894 1911 1003 1982 credis
1019 1933 1186 1996 amorem,
1346 1923 1394 1996 ²7⁵

325 2023 378 2090 Tu
392 2022 452 2090 tibi
466 2037 547 2093 tunc
564 2049 705 2094 curruca
718 2023 846 2119 places,
862 2023 1047 2114 fletumque
1062 2011 1189 2088 labellis
1283 2071 1286 2078 .

325 2123 510 2221 Exsorbes3
527 2159 602 2229 quae
616 2135 760 2230 scripta,
773 2150 808 2203 et
822 2121 906 2228 quot
922 2131 1049 2201 lecture
1066 2129 1220 2214 tabellas,

326 2240 362 2310 Si
379 2239 442 2310 tibi
455 2243 616 2341 zelotypae
630 2259 826 2340 retegantur
839 2241 964 2314 scrinia
979 2237 1137 2312 moechae!
1154 2259 1157 2266 ⁴

326 2459 484 2536 agitando?
499 2482 586 2540 quam
600 2464 695 2521 densis
711 2464 866 2540 multisque
880 2463 1037 2520 corticibus
1053 2472 1083 2518 et
1097 2460 1190 2518 fasciis
1201 2459 1335 2516 muniant
1345 2457 1398 2516 sibi

326 2553 471 2623 membra,
486 2573 523 2612 ne
538 2553 724 2624 inflectuntur
734 2575 767 2612 ac
777 2555 929 2614 fuderant?
942 2555 1003 2610 Vos
1015 2553 1064 2618 hic
1076 2553 1205 2630 appello,
1220 2551 1398 2626 Lepidorum

327 2656 445 2732 neptes,
463 2658 513 2703 aut
526 2649 587 2722 ejus
602 2649 727 2722 Metelli,
743 2629 792 2706 cui
801 2656 1027 2728 cognomentum
1038 2646 1121 2702 Caeco
1131 2643 1186 2702 fuit
1195 2685 1205 2716 ,
1215 2644 1263 2700 rel
1274 2643 1336 2716 ejus
1345 2643 1399 2700 Fa-

328 2736 388 2806 bii,
414 2737 465 2813 qui
481 2739 595 2816 Gurges
610 2740 705 2798 dictus
722 2753 780 2811 est3
801 2761 839 2798 an
853 2738 965 2798 vidistis
982 2739 1105 2814 aliquam
1120 2748 1216 2794 restra
1232 2745 1399 2812 tempestate

326 2828 453 2900 ludium,
468 2849 531 2904 quae
549 2831 605 2888 isto
620 2835 700 2891 cultu
714 2852 747 2889 ac
761 2834 888 2890 restibus
898 2830 1050 2893 uteretur?
1060 2835 1109 2888 An
1118 2830 1180 2905 ipse
1188 2827 1296 2902 conjux
1305 2827 1400 2903 Asyli,

328 2931 358 2976 et
368 2931 469 2978 ceterae
481 2921 674 2998 gladiatorum
683 2943 789 2982 uxores
800 2925 838 2982 ad
847 2927 945 3000 polum
956 2925 1090 2986 sudantes
1101 2935 1131 2980 et
1141 2923 1307 2981 anhelantes
1318 2939 1400 2982 exet·

331 3013 453 3068 centuri

370 3105 437 3162 268.
460 3106 539 3178 Quid
549 3106 641 3164 dicum
657 3107 694 3164 de
706 3107 811 3186 jurgiis
825 3120 855 3165 et
868 3109 969 3166 litibus
987 3107 1108 3178 mutuis,
1125 3106 1232 3182 quibus
1249 3123 1327 3163 uxor
1343 3104 1400 3162 im·-

329 3199 422 3271 proba
436 3199 544 3254 lectum
555 3198 735 3278 conjugalem
750 3201 917 3278 perturbat,
933 3220 986 3276 per
1000 3219 1070 3275 quus
1081 3199 1147 3256 viro
1161 3217 1279 3256 somnos
1291 3197 1401 3274 placide

330 3309 448 3366 carpere
464 3309 612 3366 nunqnam
626 3291 715 3350 licet?
737 3295 818 3350 Tunc
837 3292 961 3350 maxime
979 3303 1074 3349 tamen
1093 3291 1137 3348 illi
1155 3302 1198 3348 cst
1215 3291 1351 3362 molesta,
1373 3300 1403 3346 et

331 3383 434 3440 saevior
449 3382 555 3458 tigride
569 3384 627 3444 suis
642 3384 764 3462 spoliata
782 3387 897 3458 catulis,
916 3405 1007 3462 quum
1021 3405 1100 3443 ream
1114 3403 1145 3442 se
1157 3384 1277 3457 alicujus
1291 3385 1402 3442 sedno-

331 3475 371 3532 ris
383 3475 462 3532 taciti
472 3477 611 3548 sentiens,
626 3477 710 3555 lingit
723 3497 754 3536 se
766 3479 969 3554 ingemiscere,
988 3479 1070 3554 quasi
1082 3476 1180 3535 virum
1193 3476 1293 3534 alienis
1306 3475 1402 3552 impli·
1514 3509 1515 3524 κ

331 3580 426 3626 catum
444 3571 530 3628 sciret
546 3572 713 3644 amoribus;
734 3573 905 3648 simulatque
924 3592 954 3629 se
974 3571 1074 3628 dolere
1090 3571 1171 3646 quod
1188 3589 1223 3628 ex
1243 3589 1279 3626 eo
1296 3587 1402 3644 pueros
1514 3627 1515 3634 χ

331 3663 501 3738 susceperit,
512 3663 594 3720 abeo
605 3665 739 3740 pellicem
748 3665 838 3724 amori
849 3663 994 3733 dictitans3
1007 3681 1060 3720 nec
1072 3662 1205 3738 lacrymis
1215 3660 1321 3737 parcit,
1334 3679 1403 3736 quas
1514 3685 1515 3688 ¹

331 3755 412 3811 velut
425 3755 456 3811 in
467 3756 590 3814 statione
601 3776 714 3833 semper
728 3759 815 3816 babet
831 3758 868 3818 ad
884 3767 988 3814 nutum
1006 3753 1168 3830 expeditas,
1180 3764 1215 3809 nt
1231 3771 1288 3829 qua
1302 3763 1403 3827 perte,

332 3865 428 3934 quoue
439 3860 519 3922 pacta
526 3849 660 3924 jusserit,
672 3849 771 3908 fluant.
788 3853 834 3906 Tu
847 3869 894 3906 eas
912 3851 949 3908 ab
967 3865 1065 3906 amore
1082 3843 1227 3921 proficisci
1238 3844 1400 3916 arbitratis,

334 3949 363 3994 et
378 3939 477 3996 similis
495 3961 640 4013 currucae,
661 3941 714 3999 tibi
735 3941 905 4018 gratularis,
922 3942 1119 4017 lacrymasque
1135 3937 1236 3996 uxoris
1250 3935 1330 3994 ficus
1347 3935 1401 3992 tuis
1514 3949 1515 3970 ¹

331 4031 420 4088 labris
436 4052 497 4088 eam
512 4035 668 4092 osculando
682 4034 831 4092 combibis.
855 4033 973 4092 Infelix!
994 4051 1064 4108 quas
1076 4031 1190 4104 literas,
1204 4049 1278 4106 quos
1289 4030 1399 4086 libellos

333 4124 488 4184 amatorios
500 4127 624 4202 legeres,
639 4127 664 4183 si
680 4127 733 4183 tibi
744 4137 878 4202 paterent
890 4128 991 4183 arculae
1007 4125 1037 4180 in
1052 4123 1158 4200 quibus
1169 4142 1246 4180 uxor
1258 4123 1398 4190 adultera,

333 4233 396 4298 quae
405 4235 435 4276 sc
443 4214 528 4294 fingit
536 4219 709 4301 zelotypam,
725 4239 840 4276 suarum
850 4219 1003 4276 libidinum
1014 4216 1140 4278 conscius
1149 4216 1309 4276 recondere
1319 4216 1399 4273 char·
