3056 4984
443 431 632 496 SA'l'lRA
660 431 838 498 SEXTA.
1112 427 1176 492 365

107 542 245 628 Balnea,
262 568 327 613 nec
342 544 442 613 dubie
458 543 634 615 custodem
651 547 728 615 vitis
745 561 779 614 et
794 545 886 615 horti
1126 554 1177 628 375

107 655 290 738 Provocat,
304 680 324 723 a
336 654 474 724 domina
487 656 595 726 factus
610 657 725 752 spado.
740 657 898 727 Dormiat
912 655 969 724 ille

105 766 187 833 Cum
203 763 343 833 domina
358 792 366 833 :
382 765 441 834 sed
457 781 493 834 tu
504 767 574 860 jam
588 766 730 853 durum,
745 768 921 853 Postume,
935 766 1073 860 jamque

105 873 333 944 Tondeudum
345 877 505 946 eunucho
522 877 695 945 Bromium
709 877 921 946 committere
937 875 1017 945 noli.

150 983 186 1052 Si
204 984 329 1078 gaudet
346 1000 466 1072 cantu,
484 985 607 1054 nullius
625 984 729 1054 fibula
744 987 844 1055 durat

108 1093 237 1162 Vocem
253 1094 431 1165 vendentis
449 1097 667 1190 praetoribus3
683 1121 809 1192 organa
827 1120 962 1192 semper
1073 1185 1075 1190 Ι
1129 1111 1182 1164 38ο

108 1205 148 1270 ln
162 1204 338 1292 manibus3
355 1205 450 1274 densi
465 1206 595 1274 radiant
609 1206 779 1276 testudine
796 1220 866 1274 tota

108 1310 361 1407 sardonyches,
375 1314 486 1408 crispo
502 1331 727 1385 numerantur
739 1315 876 1410 pectine
891 1313 1043 1402 chordae,

109 1421 186 1510 Quo
203 1438 302 1492 tener
316 1423 520 1518 Hedymeles
535 1449 655 1518 operas
668 1425 763 1494 dedit
782 1451 789 1492 :
808 1424 901 1494 hunc
918 1439 1029 1508 tenet,
1042 1425 1159 1518 hocse
1245 1473 1247 1484 ·

111 1527 262 1616 Solatur,
277 1547 440 1625 gratoque
456 1530 610 1625 indulget
626 1533 715 1600 basia
729 1532 869 1628 plectro.
887 1563 889 1570 ·

157 1639 325 1728 Quadam
339 1639 381 1708 de
395 1665 539 1709 numero
553 1641 767 1726 Lamiarum,
781 1664 825 1709 ae
840 1641 986 1710 nominis
1000 1642 1056 1712 alti
1065 1653 1084 1730 ,'
1133 1660 1183 1715 385

111 1752 197 1820 Cum
215 1748 305 1819 farre
321 1765 355 1820 et
367 1751 448 1819 vino
462 1752 480 1818 J
483 1775 584 1818 anum
598 1753 805 1845 Vestamque
819 1752 975 1845 rogabat,

113 1863 165 1948 Aa
181 1859 408 1956 Capitolinam
424 1860 563 1929 deberet
577 1860 686 1929 Pollio
701 1887 864 1956 quercum

113 1973 275 2065 Sperare,
292 1985 326 2039 et
343 1970 465 2039 fidibus
479 1972 688 2064 promittere.
703 1972 796 2060 Quid
811 1971 939 2042 faceret
955 1972 1031 2069 plus

114 2082 314 2175 AEgrotante
329 2079 422 2149 rirol
434 2080 573 2150 medicis
588 2080 670 2175 quid
685 2080 834 2150 tristibus
849 2105 929 2176 erga

115 2337 171 2398 tur,
185 2325 266 2384 inter
274 2345 374 2384 omncs
383 2326 554 2403 conspicuus
566 2329 678 2386 enormi
689 2330 817 2388 mentula
827 2339 956 2401 notatur,
969 2339 998 2387 et
1009 2329 1190 2388 confidenter

116 2417 265 2476 custodem
279 2419 432 2475 hortorum
447 2431 475 2476 et
486 2419 553 2503 vitis
565 2421 659 2476 Deum
670 2421 702 2476 iu
714 2433 859 2478 certamen
869 2433 1019 2497 provocat.
1033 2424 1086 2480 Ille
1099 2423 1190 2500 igitur

117 2531 181 2568 cum
194 2510 369 2585 providente
382 2510 499 2567 domina
513 2511 703 2581 concumbat;
715 2512 766 2569 sed
781 2522 828 2583 tu,
839 2499 994 2583 Postume,
1007 2533 1074 2570 cere
1089 2514 1190 2588 hujus-

117 2604 197 2661 modi
216 2603 351 2661 eunucho
369 2603 562 2661 concubinum
583 2599 666 2661 tuum
683 2603 832 2661 Bromium
848 2605 1026 2677 committas,
1046 2605 1113 2663 licet
1130 2607 1190 2680 jam

119 2695 243 2765 durum,
255 2693 389 2765 virilem,
404 2705 431 2752 et
445 2695 534 2750 barba
550 2695 698 2766 tondenda
711 2695 895 2752 instructum.

155 2788 226 2862 379.
246 2785 278 2843 Si
290 2785 396 2842 mulier
411 2798 498 2843 cantu
509 2786 630 2863 gaudet,
645 2787 719 2844 nulli
732 2787 850 2844 fibulam
866 2789 988 2844 clausum
1005 2787 1110 2845 durare
1124 2801 1192 2864 per*-

117 2883 213 2938 mittet
229 2880 370 2937 vendenti
386 2899 488 2938 vocem
503 2882 677 2956 praetoribus
691 2880 813 2938 inludis
827 2881 1018 2938 audiendam:
1034 2899 1148 2957 semper
1161 2883 1193 2938 in

118 2975 251 3031 manibus
272 2973 382 3029 tenebit
401 2974 590 3030 instrumenta
615 2975 721 3031 musica
744 2984 895 3031 cantorum
916 2991 990 3049 quos
1012 2983 1089 3030 amat
1109 2995 1117 3030 ε
1141 2993 1194 3050 per

120 3078 211 3124 totam
224 3065 402 3121 testudinem
416 3065 529 3121 radiant
542 3065 624 3122 densi
636 3067 829 3144 sardonyches
840 3066 946 3141 quibus
963 3077 1105 3122 ornantur
1118 3066 1194 3122 illius

120 3161 226 3238 digiti:
243 3158 360 3216 chordae
374 3177 428 3233 per
447 3159 580 3216 ordinem
598 3170 627 3216 et
641 3179 795 3216 numerum
814 3170 951 3216 resonant
964 3159 1060 3234 cripso
1076 3160 1194 3234 pulsatae

119 3255 250 3331 pectine,
265 3273 324 3328 quo
340 3252 476 3309 utebatur
487 3265 553 3308 ante
569 3251 659 3328 ipsam
675 3265 759 3308 tener
770 3262 798 3308 et
809 3250 910 3325 junior
922 3235 1109 3326 Hedymeles:
1124 3252 1195 3307 dum

121 3348 200 3404 obest
222 3346 320 3402 mollis
342 3345 391 3401 ille
414 3345 608 3417 citharoedus,
631 3346 710 3402 hunc
734 3344 875 3400 blandum
900 3344 1044 3418 pectinem
1072 3344 1195 3417 arripit,

122 3451 219 3509 tenet,
252 3437 454 3512 complectitur
477 3439 569 3494 labris
592 3437 768 3506 amantibus,
798 3445 826 3518 et
850 3434 890 3491 ita
915 3427 1049 3491 solatin'm
1075 3433 1194 3509 quaerit,

122 3530 241 3606 vando
257 3530 383 3587 absentis
401 3529 515 3587 domini
530 3530 641 3604 copiam
657 3530 764 3585 babere
779 3527 889 3602 nequit.

161 3621 233 3679 385.
253 3621 391 3693 Quadam
405 3621 442 3679 de
458 3632 543 3698 gente
559 3623 721 3680 Lamiarum
738 3621 848 3690 nobili,
867 3630 896 3676 et
911 3618 1063 3694 splendido
1077 3619 1196 3675 nomine

122 3714 244 3782 clarior,
264 3715 369 3770 Janum
389 3725 417 3772 et
433 3717 566 3782 Vestam,
585 3733 674 3789 quum
697 3713 754 3771 illis
772 3713 850 3770 farre
869 3723 899 3769 et
915 3699 986 3768 vino
1007 3707 1196 3782 sacrificaret,

123 3807 343 3883 interrogabat,
361 3825 431 3861 num
449 3807 543 3863 Pollio
561 3806 743 3882 cytharoedus
764 3823 880 3879 sperare
898 3793 995 3880 posset
1014 3822 1044 3860 se
1060 3823 1199 3860 coronam

124 3921 141 3958 e
154 3921 265 3975 quercu
278 3911 495 3976 reportaturum
509 3899 539 3955 in
551 3899 754 3956 certaminibus
765 3897 894 3965 musicis,
907 3894 1047 3952 institutis
1059 3894 1088 3950 in
1102 3897 1200 3952 hono-

125 4013 185 4050 rem
201 3996 285 4050 Jovis
301 3992 475 4067 Capitolini;
491 4011 526 4049 an
543 3993 599 4048 hoc
619 3991 768 4050 industriae
787 4009 843 4046 suae
862 4001 890 4046 et
906 3989 1029 4064 cytharae
1048 3989 1200 4064 praemium

126 4088 259 4161 polliceri
284 4085 339 4142 sibi
365 4097 469 4159 posset.
497 4085 577 4155 Quid
600 4085 694 4156 allud,
714 4082 983 4156 amabo‚vl'aceret,
1008 4079 1033 4136 si
1048 4081 1094 4138 vir
1112 4081 1200 4156 ipsius

128 4181 293 4255 periculoso
313 4175 438 4237 tentatus
455 4179 560 4238 morbo
578 4177 709 4253 jaceret?
731 4186 782 4232 aut
803 4195 862 4252 quo
881 4171 986 4249 majori
1008 4185 1199 4251 argumento,
