3108 4986
325 397 389 486 ιιι
469 423 640 492 vanno
669 425 961 492 nactuouns
991 429 1055 493 ar
1084 427 1238 496 uota

324 533 411 588 vicino
424 554 472 588 auo
483 555 545 590 rure
556 536 673 604 dedice,
686 537 804 610 adeoque
816 541 898 591 teones
908 557 961 592 non
972 553 1080 594 externo
1090 540 1252 612 inaigniviaae
1262 538 1389 604 nornine,

322 617 368 670 aed
381 629 443 670 noto
455 631 481 672 et
494 619 638 675 domeatieo
650 641 731 684 ισιοι,
750 621 973 695 quemadmodum
986 623 1139 696 elephantoa
1151 623 1304 676 vocarer-int
1318 624 1390 671 toves

322 705 414 762 lucas,
428 703 601 757 struthionem
609 725 752 774 passerem,
772 705 1000 779 camelopardalim
1014 726 1079 758 ovem
1087 710 1188 777 fitam,
1206 716 1232 757 et
1246 701 1391 778 panthera!

322 801 399 833 tuum
413 785 554 852 Africanos.
571 787 713 842 Enimvero
726 788 810 862 Libya
823 789 946 844 Romania
960 809 1054 864 parum
1071 801 1132 844 uota
1150 801 1221 852 erat,
1239 799 1265 840 et
1283 787 1346 839 lere
1363 786 1391 836 in

321 865 410 919 multia
423 877 532 939 reperte
544 870 620 924 terria
630 889 661 924 ac
668 871 748 938 iocia,
760 872 787 925 in
798 873 894 945 quibua
905 884 993 946 portea
1002 871 1093 926 deletae
1103 884 1180 938 ιιιιιι;
1193 889 1243 924 nec
1253 881 1307 922 ιιιιι
1317 885 1392 940 φιτ·

320 948 432 1002 rendum
445 950 565 1018 videtur,
579 953 710 1008 fuerintne
723 955 751 1008 in
763 955 814 1010 hac
826 956 898 1009 orbia
911 967 1039 1010 terrarum
1053 954 1210 1028 pertenui,
1231 969 1312 1025 quam
1324 947 1391 1022 qnid

321 1043 422 1086 veteres
434 1033 602 1090 crediderint.
625 1036 703 1091 Poeta
715 1057 821 1111 quoque
833 1037 866 1091 ad
878 1038 1050 1111 physicorum
1060 1038 1174 1091 rationea
1183 1054 1236 1089 non
1246 1031 1392 1106 exigendam

320 1127 367 1168 eat.
382 1115 461 1169 Cons.
473 1117 566 1191 Heyne
577 1119 611 1172 ad
622 1120 717 1192 virgil.
730 1123 790 1174 AEn.
802 1122 837 1186 V,
850 1119 891 1191 37.
906 1124 1022 1173 Natmidoe
1033 1123 1083 1171 uni
1093 1131 1123 1173 ut
1135 1124 1211 1173 Num.
1224 1123 1308 1170 leones
1319 1113 1394 1188 apud

234 1223 239 1234 ·
320 1199 401 1254 ovid.
416 1202 473 1254 aa.
489 1203 549 1254 am.
563 1202 608 1270 11,
624 1201 1026 1274 1⁸³(uuvuenena.>‚pm
1040 1205 1184 1254 amun.

355 1281 423 1349 Nor.
446 1315 505 1350 100.
522 1303 631 1348 Venator
639 1300 731 1358 naun.
746 1297 803 1350 aine
813 1295 943 1361 reatibus,
958 1295 1048 1348 aaltem
1061 1307 1134 1367 toga,
1146 1307 1176 1348 ιιι
1188 1293 1339 1368 expeditior
1350 1311 1392 1346 ea·

320 1391 376 1443 aet,
388 1379 431 1431 vel
442 1380 582 1433 amentiam
592 1379 734 1432 simularet.
748 1378 818 1444 Atii,
834 1378 891 1432 aine
902 1379 999 1432 armia:
1013 1397 1062 1431 nec
1076 1379 1185 1450 ignoro,
1199 1379 1236 1432 ita
1252 1377 1393 1431 beatiam

323 1459 450 1530 quosdam
464 1479 607 1532 pugnante,
623 1473 649 1513 et
662 1461 828 1532 potiaaimutn
842 1479 901 1526 eoa,
920 1462 968 1532 qui
980 1461 1072 1533 capitia
1084 1461 1199 1515 damnati
1211 1473 1315 1527 earum
1333 1459 1390 1512 uid.

322 1541 374 1593 Dio
386 1542 458 1596 Caaa.
473 1542 538 1609 LX,
554 1541 602 1608 ¹33
616 1542 745 1608 LXXVI,
761 1560 811 1608 103
824 1541 916 1595 Senec.
929 1542 1013 1613 Epiat.
1027 1561 1043 1612 7
1060 1562 1067 1596 :
1088 1542 1135 1597 aed
1146 1545 1313 1614 mosfiriase
1322 1540 1393 1594 dici·

322 1635 375 1676 tur.
390 1624 512 1678 Ceterum
523 1625 594 1678 viror
605 1624 669 1677 olim
677 1623 864 1690 nobilissimae,
876 1625 919 1678 vel
930 1626 1103 1697 gratificante·
1114 1626 1244 1699 tyrannia,
1258 1626 1302 1679 vel
1315 1625 1350 1677 ah
1360 1623 1395 1678 iia

323 1719 435 1770 coactor,
450 1709 531 1761 immo
543 1721 637 1781 aponte
652 1709 744 1774 etiam,
757 1709 785 1760 in
796 1709 946 1762 venationea
958 1721 984 1761 et
993 1727 1116 1773 arenam,
1133 1708 1168 1762 ad
1179 1723 1245 1760 aner
1257 1707 1395 1773 eueniunt,

323 1786 487 1858 gladiatoriaa
499 1788 614 1860 uliaaque
624 1805 719 1860 parum
729 1787 866 1855 honestae,
878 1807 937 1860 quae
949 1787 1012 1842 inde
1022 1806 1083 1841 mox
1100 1786 1397 1861 repuntzitpatrh'ae

324 1871 504 1942 appellantur,
523 1869 704 1938 deacendiaae,
718 1871 809 1924 monui
828 1870 862 1924 ad
879 1872 923 1937 11,
940 1870 987 1934 143
1001 1891 1055 1944 aeq.
1075 1884 1100 1925 et
1119 1873 1152 1927 ad
1168 1873 1253 1939 VIII,
1272 1889 1321 1940 ¹9²
1335 1889 1393 1943 aeq.

327 1955 376 2020 198
389 1974 445 2028 aeq.
461 1955 493 2008 In
503 1954 622 2009 eamdem
633 1954 761 2009 inaeniam
773 1955 841 2028 ipaaa
850 1975 956 2029 quoque
965 1958 1087 2011 mulierea
1095 1957 1248 2030 puellaeque
1256 1956 1394 2023 incidiae,

325 2039 439 2094 vidimus
451 2040 479 2105 1,
494 2059 526 2094 aa
540 2058 600 2113 aeq„
611 2039 657 2094 uhi
670 2039 741 2094 conl.
754 2051 811 2094 not.

361 2212 431 2260 Van.
451 2228 509 2261 101.
526 2211 584 2277 Quis
595 2210 659 2262 eruin
671 2229 721 2261 aon
732 2213 888 2280 imelligeret,
901 2223 941 2272 ιι.

359 2303 428 2358 Nor.
452 2321 499 2357 tot
514 2324 568 2378 aeq.
583 2305 687 2360 Proluit
699 2305 766 2360 nihil
778 2306 864 2374 Acilio
876 2305 1027 2371 Glabrioni,
1046 2304 1192 2378 quodcum
1212 2304 1275 2358 ierit
1291 2323 1395 2376 pugna·

325 2383 381 2454 vit,
395 2399 425 2438 ιιι
436 2387 546 2459 gratiam
561 2388 665 2460 tyranni
678 2399 810 2460 captaret,
824 2388 963 2461 qnodque,
978 2388 1098 2461 exemplo
1109 2387 1185 2440 Bruti
1197 2385 1270 2456 (vid.
1285 2387 1348 2440 Lir.
1363 2388 1396 2452 1,

326 2470 360 2524 ⁵6
369 2475 457 2544 aeq),
471 2471 639 2526 stoliditatem
653 2473 801 2536 aimnlavit,
818 2484 849 2525 ut
857 2485 968 2526 mortem
979 2471 1157 2543 aevitimque
1167 2469 1312 2523 Domitiani
1324 2470 1396 2523 effu·

325 2567 398 2626 geret
412 2557 423 2624 (
430 2554 502 2608 conf.
511 2554 544 2608 ad
554 2573 593 2610 aa.
605 2561 639 2622 94
648 2559 723 2627 aeq.)
737 2573 744 2608 :
760 2557 820 2628 quia
833 2555 903 2609 enim
914 2575 984 2610 nuno
995 2573 1047 2607 non
1058 2553 1197 2625 intelligit,
1210 2552 1269 2606 hac
1281 2565 1309 2605 et
1320 2552 1396 2605 aimi-

325 2635 360 2689 lia
373 2652 426 2689 ana
438 2655 469 2690 ac
480 2635 543 2689 doio
555 2637 633 2690 lieri?
650 2649 774 2710 preterea
787 2650 855 2692 anea
868 2639 923 2692 iate
934 2650 987 2690 tam
998 2637 1117 2708 vulgarea
1130 2647 1206 2701 aunt,
1218 2647 1249 2688 ιιι
1260 2653 1340 2688 neruo
1352 2653 1396 2688 eaa

326 2719 439 2793 ampliua
453 2717 614 2786 admiretur;
632 2737 718 2791 neque
733 2721 899 2774 Domitianum
918 2733 944 2773 et
959 2719 1070 2772 Romani
1081 2737 1153 2772 nnuc
1169 2730 1222 2771 tam
1234 2717 1312 2770 facile
1322 2716 1397 2771 deci·

325 2803 452 2878 piuutur,
471 2815 501 2855 ιιι
513 2802 673 2875 Tarquiniua
687 2803 821 2875 Superbus
834 2815 859 2856 et
871 2802 991 2855 hominea
998 2805 1088 2871 priscis
1100 2801 1262 2874 tempmibua
1277 2801 1398 2855 virenter

327 2886 414 2956 (unde
426 2889 534 2954 pnicum
551 2889 685 2955 αοιιιιιιιι),
703 2885 751 2958 qni
762 2884 841 2939 rudea
852 2905 882 2940 ac
893 2885 1024 2960 simplices
1036 2898 1117 2938 mant.
1131 2887 1170 2938 Ita
1180 2885 1274 2958 plamae
1284 2897 1326 2938 eat
1335 2903 1397 2938 aeu-

327 2986 382 3035 aua,
395 2981 420 3020 et
430 2969 517 3021 omnia
531 2968 624 3021 melina
638 2959 770 3020 coherere
780 2965 918 3031 videntur,
938 2985 1017 3041 qnam
1031 2968 1103 3022 aiva.
1119 2983 1166 3020 toa
1182 2969 1318 3036 intelligam
1330 2981 1397 3019 aner

328 3053 428 3106 dictum
446 3051 577 3124 acceperia
594 3070 660 3124 pro,
679 3070 722 3105 eaa
742 3051 851 3116 callere,
873 3051 945 3123 quod
964 3050 1055 3106 anadet
1074 3048 1263 3121 Bredenoamp.
1276 3053 1398 3120 tripu

324 3139 374 3206 sur
383 3138 498 3203 achaten,
510 3136 563 3190 vol.
579 3135 607 3200 Ι,
620 3155 648 3208 p.
662 3133 723 3199 443.

365 3309 433 3357 Vn.
454 3324 511 3356 roa.
525 3307 682 3373 Mireturpro
692 3307 913 3356 miraturrevoeavi
925 3323 956 3356 ex
966 3309 1013 3368 ιε,
1028 3309 1077 3367 46,
1089 3307 1138 3369 48,
1151 3315 1199 3370 ⁴9,
1213 3307 1333 3366 54-66,
1348 3309 1398 3370 59,

331 3392 373 3451 oo,
385 3394 431 3450 6ι,
444 3393 565 3452 (it—74,
577 3391 693 3455 qnoniam
704 3391 849 3454 exquisitim
860 3401 909 3450 eat,
921 3399 946 3438 et
956 3390 1078 3455 praoeaait
1089 3377 1219 3453 intelligat.

365 3482 434 3536 Nor.
456 3481 514 3535 103.
528 3485 652 3550 Iapetum
666 3484 742 3534 duur·
753 3481 853 3555 aliquid
869 3499 918 3553 pro
929 3499 1008 3547 ruo,
1027 3493 1065 3536 eet
1079 3497 1139 3534 enm
1152 3478 1293 3544 reducem
1308 3478 1400 3531 fallere

330 3570 379 3637 (ut
386 3577 505 3620 nostrum
516 3584 523 3618 :
536 3568 614 3618 einem
625 3580 700 3618 etwas
711 3569 863 3638 unstradan,
875 3566 1007 3635 aufhaflen
1012 3584 1024 3626 ,¹
1035 3575 1061 3618 et
1071 3565 1140 3618 Gall.
1151 3581 1182 3614 ea
1193 3565 1321 3633 imposerd
1331 3566 1401 3630 quet-

332 3653 442 3720 qu'ua),
462 3648 532 3703 unde
549 3652 686 3718 rittpostores
699 3662 826 3704 vocantur
838 3648 958 3702 hominen
972 3647 1140 3703 fraudulenti.
1153 3677 1190 3688 -
1202 3650 1265 3716 11051'
1279 3650 1400 3708 baddo,

331 3732 477 3806 Tarquinio
487 3733 616 3805 Superbo,
626 3733 711 3805 priaca
722 3752 753 3787 ac
763 3732 824 3786 rudi
835 3744 909 3786 etate
919 3729 1034 3798 viventi,
1048 3748 1098 3803 qua
1109 3729 1221 3784 Romani
1231 3741 1287 3782 tum
1296 3729 1402 3783 barhati

332 3817 419 3871 adhuc
430 3828 517 3881 erant,
527 3829 553 3871 et
563 3816 678 3883 intonui,
689 3829 745 3870 tum
756 3816 887 3889 aimpiicea
894 3828 921 3868 et
929 3815 1029 3882 meam
1040 3811 1172 3878 nondum,
1184 3824 1213 3866 ut
1222 3829 1310 3879 nuno,
1321 3813 1401 3867 artnti

335 3914 361 3956 et
371 3901 490 3966 salacea,
509 3921 594 3975 neque
607 3901 754 3968 imberhea,
767 3913 813 3955 aut
824 3901 962 3955 delicatuia
974 3901 1054 3954 herba
1067 3897 1216 3970 capilloque
1227 3915 1295 3969 pero
1308 3909 1336 3950 et
1348 3915 1401 3950 un·

336 3985 437 4057 quentia
447 3984 565 4038 delibuto
575 3984 669 4051 nitidi;
683 3984 745 4040 vide
754 3983 788 4038 ad
798 3984 854 4048 VI,
870 3983 931 4049 105,
945 3995 970 4036 et
983 3982 1049 4034 XVI
1059 4019 1067 4048 ,
1083 3995 1126 4046 ²9.

370 4077 438 4131 Nor.
462 4085 519 4141 roa.
541 4083 593 4130 Nee
609 4083 707 4147 melior,
726 4080 822 4141 letior,
842 4077 968 4145 hilarior,
987 4095 1040 4130 nou
1052 4075 1139 4128 minua
1151 4074 1231 4128 hiatio
1243 4093 1273 4126 ao
1285 4071 1401 4148 pallidus

336 4172 424 4226 metu,
436 4179 469 4214 ue
480 4161 623 4216 Domitiani
632 4165 684 4235 jam
693 4162 806 4218 ardentia
813 4159 1033 4235 exspectationem
1042 4156 1156 4224 diutina,
1167 4175 1246 4230 quana
1256 4175 1305 4228 par
1315 4166 1401 4220 meti
