3148 4990
302 415 344 496 76
586 417 789 484 SA'l'IRAE
818 417 1073 483 SECUNDAE

301 530 378 588 vitiis
392 546 575 608 supemmns;
593 548 621 592 et
635 535 795 612 peregrini,
808 536 859 610 qui
873 535 909 592 ad
924 555 976 592 nos
988 545 1200 604 commearunt,
1216 553 1285 590 mox
1301 551 1370 608 per-

302 623 378 680 ditos
398 625 522 683 induunt
542 647 637 686 mores
655 640 788 699 nostros,
813 625 899 704 atque
923 627 953 682 in
972 628 1094 704 patriam
1116 645 1194 682 snam
1217 622 1372 682 referunt?

301 733 330 782 v,
348 715 510 792 159-170.

555 1165 791 1252 SATIRAE
818 1166 1118 1254 SECUNDAE

658 1355 659 1358 ‘
706 1383 966 1442 aaannsm.

343 1629 386 1684 De
400 1627 484 1701 bajus
497 1628 589 1684 satirae
602 1649 711 1686 summa
724 1649 756 1686 ac
769 1629 975 1705 descriptione,
987 1629 1024 1684 de
1037 1627 1161 1702 partium
1173 1627 1377 1684 convenientia

303 1728 333 1774 et
344 1719 465 1776 artificio
482 1721 692 1796 dispositionis,
709 1722 810 1778 callide
830 1735 921 1778 artem
937 1720 1073 1788 celantis,
1088 1719 1202 1795 egregie
1217 1717 1377 1792 disputavit

304 1811 451 1870 Heinrich.
468 1814 498 1868 in
519 1833 574 1870 sec.
592 1815 707 1890 specim.
726 1816 915 1871 Commentat.
936 1813 967 1868 in
990 1815 1094 1868 Juven.
1113 1813 1219 1868 Satires
1236 1829 1265 1885 p.
1282 1812 1376 1885 6seq.

304 1903 356 1958 ubi
371 1905 430 1961 haec
445 1907 580 1981 leguntur
593 1928 599 1962 ε
618 1930 630 1955 a
641 1909 685 1964 De
695 1907 873 1982 pbilosophis
883 1905 1023 1963 obscoenis
1032 1905 1080 1981 agi
1091 1909 1107 1974 ‚'
1118 1924 1145 1959 v.
1161 1903 1271 1972 1-65,
1282 1905 1376 1960 ethos

304 2011 364 2050 esse
379 1997 473 2050 tristes
487 1996 650 2068 obscoenos,
667 1998 790 2054 clamant
802 2017 862 2054 uno
877 2016 946 2070 ore,
961 1997 1135 2072 quicumque
1148 1995 1204 2050 buc
1217 1994 1376 2069 quidquam

303 2087 470 2142 attulerunt.
492 2088 550 2146 Sed
571 2089 618 2145 hic
636 2089 823 2164 philosophos
839 2089 935 2156 vides,
950 2107 1010 2143 non
1030 2087 1205 2143 umbraticos
1224 2085 1379 2162 magistros

304 2195 418 2253 suaeque
431 2179 500 2234 artis
514 2179 689 2254 professores
706 2192 734 2237 et
750 2181 902 2250 doctores,
919 2178 1016 2253 quales
1028 2180 1127 2233 Romae
1146 2188 1208 2232 tum
1227 2187 1309 2232 erant
1321 2180 1378 2232 Ar-

304 2270 477 2341 temidorus,
497 2272 655 2346 Epictetus,
669 2273 752 2328 multi
765 2273 827 2343 alii3
846 2274 934 2328 immo
946 2271 1076 2327 homines
1089 2269 1222 2326 inductos
1237 2271 1268 2324 in
1279 2269 1377 2324 furtim

306 2373 334 2418 et
345 2363 452 2437 judicia
465 2365 594 2438 publica,
606 2367 683 2442 leges
696 2386 729 2422 ac
738 2366 803 2439 jura
817 2365 934 2421 citantes
943 2406 952 2435 ‚
961 2376 1046 2439 atque
1055 2365 1127 2419 adeo
1139 2381 1250 2418 scenam
1261 2379 1378 2417 omnem

305 2457 389 2528 plane
406 2455 573 2512 instructam
587 2458 753 2530 judicialem
771 2459 801 2512 in
820 2459 949 2514 modum.
966 2459 1018 2512 Vel
1041 2457 1096 2512 boc
1114 2455 1180 2511 licet
1196 2454 1312 2511 mirari:
1329 2465 1379 2510 at·

306 2557 401 2603 tamen
419 2549 540 2604 alterum
558 2541 649 2605 multo
672 2549 780 2626 magis,
803 2551 884 2624 quod
906 2549 1003 2606 subito
1017 2549 1061 2604 his
1081 2547 1222 2616 dimissis,

538 2653 585 2710 Qui
597 2653 682 2700 Curios
694 2655 817 2710 simulant,
830 2665 853 2701 et
865 2657 1016 2703 Bacchanalia
1029 2656 1127 2710 vivunt,

306 2739 400 2796 statim
409 2761 458 2796 av.
468 2739 520 2809 65,
530 2740 658 2798 deflectit
664 2743 701 2799 ed
709 2745 886 2801 contrarium
895 2765 996 2822 genus;
1006 2746 1103 2818 sicque
1113 2755 1204 2799 mutat
1216 2743 1382 2818 ingenium,

307 2845 340 2889 ut
351 2853 405 2908 pro
414 2834 607 2911 pbilosophis,
621 2837 829 2911 turpitudinem
840 2840 924 2894 vultu
935 2837 1192 2908 dissimulantibus,
1206 2855 1282 2892 nune
1292 2835 1381 2908 prod·

307 2936 372 2981 eant
388 2926 449 2995 alii,
466 2927 517 3000 qui
533 2927 678 2984 infamiam
692 2928 850 3002 quamlibet
863 2929 956 3002 palam
970 2929 1091 2996 habent,
1104 2939 1132 2982 et
1145 2946 1247 3003 parum
1260 2928 1380 2994 absunt,

309 3015 379 3090 quin
395 3019 478 3072 etiam
491 3016 596 3093 flagitia
609 3038 658 3074 suu
671 3018 787 3092 cupiant
800 3018 829 3072 in
843 3029 911 3072 acta
921 3017 1031 3089 referri.
1048 3018 1138 3076 Addit
1148 3029 1296 3092 postremo
1306 3017 1381 3072 illud

308 3121 439 3166 monstro
455 3111 646 3180 simillimum,
662 3113 742 3186 quod
755 3112 848 3180 viros,
865 3111 1048 3168 nobilissimis
1060 3111 1193 3186 gentibus
1208 3121 1302 3178 ortos,
1320 3128 1382 3165 non

308 3204 416 3278 pudet,
435 3223 493 3277 quo
511 3205 639 3277 placeant
661 3204 796 3275 domino,
820 3205 908 3279 vulgo
931 3204 1124 3278 inspectante,
1149 3220 1241 3258 arenae
1263 3219 1381 3275 opernm

309 3295 378 3350 dare
393 3314 425 3350 ac
442 3295 567 3350 volutari
580 3295 612 3350 in
626 3294 777 3352 servilibus
795 3296 870 3352 ludis
894 3296 1093 3372 gladiatorum.
1111 3295 1224 3351 Debent
1240 3295 1300 3350 baec
1315 3293 1383 3369 qui-

310 3388 376 3444 dem
391 3388 530 3461 disjuncta
546 3389 638 3445 videri
653 3411 659 3445 :
677 3389 708 3444 in
727 3390 832 3464 quibus
850 3389 1035 3446 conciliandis
1059 3398 1154 3443 tamen
1174 3397 1292 3462 apparet
1313 3383 1382 3442 felix

310 3481 428 3537 audacia
443 3493 535 3555 poetae
555 3492 583 3538 et
600 3501 658 3538 non
675 3484 794 3558 vulgare
812 3481 969 3557 ingenium.
987 3511 1027 3521 -
1043 3481 1207 3553 Aperienda
1227 3491 1269 3534 est
1283 3479 1330 3534 via
1345 3479 1383 3534 ad

310 3571 529 3647 intelligendum
549 3573 694 3629 elementis
714 3593 813 3630 rerum
827 3569 1018 3644 explicandis,
1035 3589 1098 3643 quae
1119 3570 1186 3624 huic
1203 3568 1294 3624 satirae
1310 3568 1384 3624 scri·

311 3664 412 3720 bendae
430 3663 676 3738 opportunitatem
694 3676 778 3740 atque
794 3664 941 3719 materiam
965 3663 1116 3718 dederunt.
1138 3664 1174 3718 Et
1191 3662 1333 3735 primum,
1351 3661 1384 3716 id

312 3757 392 3831 quod
413 3757 501 3833 vulgo
522 3757 762 3840 negligentissime
778 3757 901 3824 faciunt,
926 3767 1056 3811 accurate
1079 3756 1174 3810 animo
1194 3753 1384 3810 informemus

313 3846 413 3903 faciem
433 3859 611 3922 temporum,
625 3848 656 3902 in
675 3867 732 3921 qua
747 3849 864 3922 quidem
882 3847 1109 3921 repraesentanda
1125 3856 1218 3901 totum
1232 3846 1323 3900 satirae
1336 3864 1386 3900 ar-

313 3953 481 4015 gumentum
500 3951 645 4008 versatur,
666 3961 782 4017 quoque
801 3940 894 3996 omnis
914 3939 1039 3996 refertur
1059 3951 1087 3996 et
1104 3938 1263 4013 indignatio
1286 3948 1315 3992 et
1333 3956 1384 3992 co-

312 4032 413 4108 gitatio
425 4033 580 4106 scriptoris.
597 4035 705 4110 Eclogu
718 4035 778 4088 baec
792 4052 882 4108 quum
898 4043 958 4088 tota
975 4033 1079 4088 reserat
1097 4042 1241 4103 tempora,
1257 4029 1335 4098 sive,
1350 4042 1384 4084 ut

314 4141 391 4179 novo
408 4125 496 4180 modo
513 4125 676 4200 loquimur,
693 4126 812 4200 genium
829 4127 932 4182 soeculi
949 4125 1122 4197 Domitiani,
1139 4135 1200 4180 tum
1216 4133 1265 4178 aut
1279 4123 1386 4196 scripta
